@book{Goos2016,
    title = {{13th international conference ICIAR 2016}},
    year = {2016},
    author = {Goos, Gerhard and Hartmanis, Juris and Van Leeuwen, Jan and Hutchison, David and Kittler, Josef and Kleinberg, Jon M and Mitchell, John C and Naor, Moni and Steffen, Bernhard and Terzopoulos, Demetri and Tygar, Doug and Weikum, Gerhard},
    isbn = {1545-598X}
}

@inproceedings{Mavridaki2015,
    title = {{A comprehensive aesthetic quality assessment method for natural images using basic rules of photography}},
    year = {2015},
    booktitle = {2015 IEEE International Conference on Image Processing (ICIP)},
    author = {Mavridaki, Eftichia and Mezaris, Vasileios},
    month = {9},
    pages = {887--891},
    volume = {2015-Decem},
    publisher = {IEEE},
    url = {http://ieeexplore.ieee.org/document/7350927/},
    isbn = {978-1-4799-8339-1},
    doi = {10.1109/ICIP.2015.7350927},
    issn = {15224880},
    keywords = {No-Reference image aesthetic quality assessment, photography, rules of photography, support vector machine}
}

@article{Mavridaki2015a,
    title = {{A comprehensive aesthetic quality assessment method for natural images using basic rules of photography}},
    year = {2015},
    journal = {Proceedings - International Conference on Image Processing, ICIP},
    author = {Mavridaki, Eftichia and Mezaris, Vasileios},
    pages = {887--891},
    volume = {2015-Decem},
    publisher = {IEEE},
    isbn = {9781479983391},
    doi = {10.1109/ICIP.2015.7350927},
    issn = {15224880},
    keywords = {No-Reference image aesthetic quality assessment, photography, rules of photography, support vector machine}
}

@inproceedings{Yang2019,
    title = {{A Comprehensive Survey on Image Aesthetic Quality Assessment}},
    year = {2019},
    booktitle = {2019 IEEE/ACIS 18th International Conference on Computer and Information Science (ICIS)},
    author = {Yang, Hongtao and Shi, Ping and He, Saike and Pan, Da and Ying, Zefeng and Lei, Ling},
    month = {6},
    pages = {294--299},
    publisher = {IEEE},
    url = {https://ieeexplore.ieee.org/document/8940355/},
    isbn = {978-1-7281-0801-8},
    doi = {10.1109/ICIS46139.2019.8940355},
    keywords = {Aesthetic Quality Assessment, Convolutional Neural Networks, Deep Learning, Image Aesthetic}
}

@article{Liu2017a,
    title = {{A database for perceptual evaluation of image aesthetics}},
    year = {2017},
    journal = {2017 IEEE International Conference on Image Processing (ICIP)},
    author = {Liu, Wentao and Wang, Zhou},
    month = {9},
    pages = {1317--1321},
    volume = {2017-Septe},
    publisher = {IEEE},
    url = {https://ieeexplore.ieee.org/stamp/stamp.jsp?tp=&arnumber=8296495 http://ieeexplore.ieee.org/document/8296495/},
    isbn = {978-1-5090-2175-8},
    doi = {10.1109/ICIP.2017.8296495},
    issn = {15224880},
    keywords = {Image aesthetics assessment, Image database, Subjective testing}
}

@article{Reisenhofer2018,
    title = {{A Haar wavelet-based perceptual similarity index for image quality assessment}},
    year = {2018},
    journal = {Signal Processing: Image Communication},
    author = {Reisenhofer, Rafael and Bosse, Sebastian and Kutyniok, Gitta and Wiegand, Thomas},
    pages = {33--43},
    volume = {61},
    doi = {10.1016/j.image.2017.11.001},
    issn = {09235965},
    arxivId = {1607.06140},
    keywords = {Haar wavelets, Human visual system, Image quality, Perceptual similarity}
}

@techreport{Dimitroulakos,
    title = {{A High-Throughput and Memory Efficient 2-D Discrete Wavelet Transform Hardware Architecture for JPEG2000 Standard}},
    author = {Dimitroulakos, G and Galanis, M D and Milidonis, A and Goutis, Ce}
}

@article{Goel2019,
    title = {{A Novel Digital Color Image Steganography using Discrete Wavelet Transform (Digital Color Image Steganography using DWT)}},
    year = {2019},
    journal = {International Journal of Computer Sciences and Engineering},
    author = {Goel, A. and Deswal, V. and Chhabra, S.},
    number = {3},
    pages = {266--270},
    volume = {7},
    doi = {10.26438/ijcse/v7i3.266270},
    keywords = {color image steganography, discrete wavelet transforms, psnr}
}

@article{Li2020a,
    title = {{A Novel Feature Fusion Method for Computing Image Aesthetic Quality}},
    year = {2020},
    journal = {IEEE Access},
    author = {Li, Xuewei and Li, Xueming and Zhang, Gang and Zhang, Xianlin},
    pages = {63043--63054},
    volume = {8},
    publisher = {IEEE},
    url = {https://ieeexplore.ieee.org/document/9049106/},
    doi = {10.1109/ACCESS.2020.2983725},
    issn = {21693536},
    keywords = {Deep convolutional neural networks, feature fusion, handcrafted aesthetic features, image aesthetics quality assessment}
}

@article{Aloysius2018,
    title = {{A review on deep convolutional neural networks}},
    year = {2018},
    journal = {Proceedings of the 2017 IEEE International Conference on Communication and Signal Processing, ICCSP 2017},
    author = {Aloysius, Neena and Geetha, M.},
    pages = {588--592},
    volume = {2018-Janua},
    isbn = {9781509038008},
    doi = {10.1109/ICCSP.2017.8286426},
    keywords = {classification, computer vision, convolutional neural networks, deep leaning}
}

@article{DeCarvalho2017,
    title = {{A robust regression method based on exponential-type kernel functions}},
    year = {2017},
    journal = {Neurocomputing},
    author = {De Carvalho, Francisco de A.T. and Lima Neto, Eufrásio de A. and Ferreira, Marcelo R.P.},
    number = {August 2016},
    month = {4},
    pages = {58--74},
    volume = {234},
    publisher = {Elsevier B.V.},
    url = {http://dx.doi.org/10.1016/j.neucom.2016.12.035 https://linkinghub.elsevier.com/retrieve/pii/S0925231216315508},
    doi = {10.1016/j.neucom.2016.12.035},
    issn = {18728286},
    keywords = {Exponential-type kernel functions, Regression models, Robust methods, Width hyper-parameter estimators}
}

@inproceedings{Lo2012,
    title = {{A statistic approach for photo quality assessment}},
    year = {2012},
    booktitle = {2012 International Conference on Information Security and Intelligent Control},
    author = {Lo, Li-Yun and Chen, Ju-Chin},
    number = {10},
    month = {8},
    pages = {107--110},
    volume = {3},
    publisher = {IEEE},
    url = {https://jit.ndhu.edu.tw/article/view/1403 http://ieeexplore.ieee.org/document/6449719/},
    isbn = {978-1-4673-2588-2},
    doi = {10.1109/ISIC.2012.6449719},
    keywords = {Color moment, Context modeling, HOG}
}

@article{Liu2017,
    title = {{A survey of deep neural network architectures and their applications}},
    year = {2017},
    journal = {Neurocomputing},
    author = {Liu, Weibo and Wang, Zidong and Liu, Xiaohui and Zeng, Nianyin and Liu, Yurong and Alsaadi, Fuad E},
    number = {October 2016},
    month = {4},
    pages = {11--26},
    volume = {234},
    publisher = {Elsevier B.V.},
    url = {http://dx.doi.org/10.1016/j.neucom.2016.12.038 https://linkinghub.elsevier.com/retrieve/pii/S0925231216315533},
    doi = {10.1016/j.neucom.2016.12.038},
    issn = {18728286},
    keywords = {Autoencoder, Convolutional neural network, Deep belief network, Deep learning, Restricted Boltzmann machine}
}

@article{Kanwal2021,
    title = {{A Survey of Hand Crafted and Deep Learning Methods for Image Aesthetic Assessment}},
    year = {2021},
    author = {Kanwal, Saira and Uzair, Muhammad and Ullah, Habib},
    month = {3},
    pages = {1--17},
    url = {http://arxiv.org/abs/2103.11616 https://arxiv.org/pdf/2103.11616.pdf https://dblp.org/rec/journals/corr/abs-2103-11616.bib},
    arxivId = {2103.11616}
}

@article{Zhang2016a,
    title = {{A survey of randomized algorithms for training neural networks}},
    year = {2016},
    journal = {Information Sciences},
    author = {Zhang, Le and Suganthan, P. N.},
    month = {10},
    pages = {146--155},
    volume = {364-365},
    publisher = {Elsevier Inc.},
    url = {http://dx.doi.org/10.1016/j.ins.2016.01.039 https://linkinghub.elsevier.com/retrieve/pii/S002002551600058X},
    doi = {10.1016/j.ins.2016.01.039},
    issn = {00200255},
    keywords = {Convolutional neural networks, Deep learning, Randomized neural networks, Recurrent neural networks}
}

@article{Shorten2019,
    title = {{A survey on Image Data Augmentation for Deep Learning}},
    year = {2019},
    journal = {Journal of Big Data},
    author = {Shorten, Connor and Khoshgoftaar, Taghi M},
    number = {1},
    month = {12},
    pages = {60},
    volume = {6},
    publisher = {Springer International Publishing},
    url = {https://doi.org/10.1186/s40537-019-0197-0 https://journalofbigdata.springeropen.com/articles/10.1186/s40537-019-0197-0},
    doi = {10.1186/s40537-019-0197-0},
    issn = {2196-1115},
    keywords = {Data Augmentation,Big data,Image data,Deep Learnin, Deep Learning, GANs}
}

@article{Nilsback2006,
    title = {{A visual vocabulary for flower classification}},
    year = {2006},
    journal = {Proceedings of the IEEE Computer Society Conference on Computer Vision and Pattern Recognition},
    author = {Nilsback, Maria Elena and Zisserman, Andrew},
    pages = {1447--1454},
    volume = {2},
    isbn = {0769525970},
    doi = {10.1109/CVPR.2006.42},
    issn = {10636919}
}

@inproceedings{Ma2017,
    title = {{A-Lamp: Adaptive Layout-Aware Multi-patch Deep Convolutional Neural Network for Photo Aesthetic Assessment}},
    year = {2017},
    booktitle = {2017 IEEE Conference on Computer Vision and Pattern Recognition (CVPR)},
    author = {Ma, Shuang and Liu, Jing and Chen, Chang Wen},
    month = {7},
    pages = {722--731},
    volume = {2017-Janua},
    publisher = {IEEE},
    url = {http://arxiv.org/abs/1704.00248 http://ieeexplore.ieee.org/document/8099567/},
    isbn = {978-1-5386-0457-1},
    doi = {10.1109/CVPR.2017.84},
    arxivId = {1704.00248}
}

@article{Gu2015,
    title = {{Active learning combining uncertainty and diversity for multi‐class image classification}},
    year = {2015},
    journal = {IET Computer Vision},
    author = {Gu, Yingjie and Jin, Zhong and Chiu, Steve C.},
    number = {3},
    month = {6},
    pages = {400--407},
    volume = {9},
    url = {https://onlinelibrary.wiley.com/doi/10.1049/iet-cvi.2014.0140},
    doi = {10.1049/iet-cvi.2014.0140},
    issn = {1751-9640}
}

@article{Kingma2015,
    title = {{Adam: A Method for Stochastic Optimization}},
    year = {2014},
    journal = {3rd International Conference on Learning Representations, ICLR 2015 - Conference Track Proceedings},
    author = {Kingma, Diederik P. and Ba, Jimmy},
    month = {12},
    pages = {1--15},
    url = {http://arxiv.org/abs/1412.6980},
    arxivId = {1412.6980}
}

@article{Tang2019,
    title = {{Adaptive aesthetic photo filter by deep learning}},
    year = {2019},
    journal = {PervasiveHealth: Pervasive Computing Technologies for Healthcare},
    author = {Tang, Zineng},
    pages = {67--72},
    isbn = {9781450365925},
    doi = {10.1145/3332305.3332323},
    issn = {21531633},
    keywords = {AVA Dataset, Adaptation, Aesthetic, Deep Learning, Filternet, Photo Filter, Recommendation}
}

@article{Sukhbaatar2020a,
    title = {{Adaptive Attention Span in Transformers}},
    year = {2019},
    journal = {ACL 2019 - 57th Annual Meeting of the Association for Computational Linguistics, Proceedings of the Conference},
    author = {Sukhbaatar, Sainbayar and Grave, Edouard and Bojanowski, Piotr and Joulin, Armand},
    number = {2015},
    month = {5},
    pages = {331--335},
    url = {http://arxiv.org/abs/1905.07799},
    isbn = {9781950737482},
    doi = {10.18653/v1/p19-1032},
    arxivId = {1905.07799}
}

@inproceedings{Chen2020b,
    title = {{Adaptive Fractional Dilated Convolution Network for Image Aesthetics Assessment}},
    year = {2020},
    booktitle = {2020 IEEE/CVF Conference on Computer Vision and Pattern Recognition (CVPR)},
    author = {Chen, Qiuyu and Zhang, Wei and Zhou, Ning and Lei, Peng and Xu, Yi and Zheng, Yu and Fan, Jianping},
    month = {6},
    pages = {14102--14111},
    publisher = {IEEE},
    url = {http://arxiv.org/abs/2004.03015 https://ieeexplore.ieee.org/document/9157018/},
    isbn = {978-1-7281-7168-5},
    doi = {10.1109/CVPR42600.2020.01412},
    issn = {10636919},
    arxivId = {2004.03015}
}

@article{Gu2021,
    title = {{Adaptive wavelet packet based audio steganography using data history}},
    year = {2020},
    journal = {IEEE Region 10 Colloquium and 3rd International Conference on Industrial and Information Systems, ICIIS 2008},
    author = {Gu, Jinjin and Cai, Haoming Hengxing and Dong, Chao and Ren, Jimmy S. and Qiao, Yu and Gu, Shuhang and Timofte, Radu and Cheon, Manri and Yoon, Sungjun and Kang, Byungyeon and Lee, Junwoo and Zhang, Qing and Guo, Haiyang and Bin, Yi and Hou, Yuqing and Luo, Hengliang and Guo, Jingyu and Wang, Zirui and Wang, Hai and Yang, Wenming and Bai, Qingyan and Shi, Shuwei and Xia, Weihao and Cao, Mingdeng and Wang, Jiahao and Chen, Yifan and Yang, Yujiu and Li, Yang and Zhang, Tao and Feng, Longtao and Liao, Yiting and Li, Junlin and Thong, William and Pereira, Jose Costa and Leonardis, Ales and McDonagh, Steven and Xu, Kele and Yang, Lehan and Cai, Haoming Hengxing and Sun, Pengfei and Ayyoubzadeh, Seyed Mehdi and Royat, Ali and Fezza, Sid Ahmed and Hammou, Dounia and Hamidouche, Wassim and Ahn, Sewoong and Yoon, Gwangjin and Tsubota, Koki and Akutsu, Hiroaki and Aizawa, Kiyoharu and Murugan, Guru Vimal Kumar and Uthandipalayam Subramaniyam, Ragupathy and Prabakaran, G. and Bhavani, R. and Shah, Parul and Choudhari, Pranali and Sivaraman, Suresh},
    number = {13-14},
    pages = {9101--9115},
    volume = {79},
    publisher = {IEEE},
    url = {http://arxiv.org/abs/2105.03072},
    isbn = {9781424428069},
    doi = {10.1109/ICCEET.2012.6203811},
    issn = {15737721},
    arxivId = {2105.03072},
    keywords = {Alpha blending, Arnold transformation, Audio steganography, DWT, Data hiding, Information hiding, Security, Steganography, Wavelet packet}
}

@article{Skov2019,
    title = {{Aesthetic Appreciation: The View From Neuroimaging}},
    year = {2019},
    journal = {Empirical Studies of the Arts},
    author = {Skov, Martin},
    number = {2},
    pages = {220--248},
    volume = {37},
    doi = {10.1177/0276237419839257},
    issn = {15414493},
    keywords = {aesthetic appreciation, aesthetic judgment, neuroaesthetics, preference, reward, sensory valuation}
}

@article{Jin2019,
    title = {{Aesthetic Attributes Assessment of Images}},
    year = {2019},
    journal = {MM 2019 - Proceedings of the 27th ACM International Conference on Multimedia},
    author = {Jin, Xin and Wu, Le and Zhao, Geng and Li, Xiaodong and Zhang, Xiaokun and Ge, Shiming and Zou, Dongqing and Zhou, Bin and Zhou, Xinghui},
    month = {7},
    pages = {311--319},
    url = {https://arxiv.org/pdf/1907.04983.pdf http://arxiv.org/abs/1907.04983},
    isbn = {9781450368896},
    doi = {10.1145/3343031.3350970},
    arxivId = {1907.04983},
    keywords = {Aesthetic assessment, Image captioning, Semi-supervised learning}
}

@inproceedings{Chang2017,
    title = {{Aesthetic Critiques Generation for Photos}},
    year = {2017},
    booktitle = {2017 IEEE International Conference on Computer Vision (ICCV)},
    author = {{Kuang-Yu Chang} and Lu, Kung-hung and Chen, Chu-song},
    number = {Iccv},
    month = {10},
    pages = {3534--3543},
    publisher = {IEEE},
    url = {https://openaccess.thecvf.com/content_ICCV_2017/papers/Chang_Aesthetic_Critiques_Generation_ICCV_2017_paper.pdf https://ieeexplore.ieee.org/document/8237642/},
    isbn = {978-1-5386-1032-9},
    doi = {10.1109/ICCV.2017.380}
}

@inproceedings{Gadde2011,
    title = {{Aesthetic guideline driven photography by robots}},
    year = {2011},
    booktitle = {IJCAI International Joint Conference on Artificial Intelligence},
    author = {Gadde, Raghudeep and Karlapalem, Kamalakar},
    pages = {2060--2065},
    url = {https://www.aaai.org/ocs/index.php/IJCAI/IJCAI11/paper/viewFile/2895/3403 https://www.ijcai.org/Proceedings/11/Papers/344.pdf},
    isbn = {9781577355120},
    doi = {10.5591/978-1-57735-516-8},
    issn = {10450823},
    keywords = {Robotics and Vision}
}

@article{Desnoyer2010,
    title = {{Aesthetic image classification for autonomous agents}},
    year = {2010},
    journal = {Proceedings - International Conference on Pattern Recognition},
    author = {Desnoyer, Mark and Wettergreen, David},
    pages = {3452--3455},
    publisher = {IEEE},
    isbn = {9780769541099},
    doi = {10.1109/ICPR.2010.843},
    issn = {10514651}
}

@article{Petersen2004,
    title = {{Aesthetic interaction - A pragmatist's aesthetics of interactive systems}},
    year = {2004},
    journal = {DIS2004 - Designing Interactive Systems: Across the Spectrum},
    author = {Petersen, Marianne Graves and Iversen, Ole Sejer and Krogh, Peter Gall and Ludvigsen, Martin},
    pages = {269--276},
    isbn = {1581137877},
    keywords = {Aesthetic, Design, Experience, Interaction design, Interactive spaces, Pervasive computing, Pragmatist}
}

@article{Birkhoff1933a,
    title = {{Aesthetic Measure}},
    year = {1933},
    journal = {Aesthetic Measure},
    author = {Birkhoff, George David},
    doi = {10.4159/harvard.9780674734470}
}

@article{Friedenberg2015,
    title = {{Aesthetic preference for polygon shape}},
    year = {2015},
    journal = {Empirical Studies of the Arts},
    author = {Friedenberg, Jay and Bertamini, Marco},
    number = {2},
    pages = {144--160},
    volume = {33},
    doi = {10.1177/0276237415594708},
    issn = {15414493},
    keywords = {aesthetic judgment, beauty, concavity/convexity, polygons, shape contour, shape perception}
}

@article{Zemach1987a,
    title = {{Aesthetic Properties, Aesthetic Laws, and Aesthetic Principles}},
    year = {1987},
    journal = {The Journal of Aesthetics and Art Criticism},
    author = {Zemach, Eddy},
    number = {1},
    pages = {67},
    volume = {46},
    doi = {10.2307/431310},
    issn = {00218529}
}

@inproceedings{Li2010a,
    title = {{Aesthetic quality assessment of consumer photos with faces}},
    year = {2010},
    booktitle = {2010 IEEE International Conference on Image Processing},
    author = {Li, Congcong and Gallagher, Andrew and Loui, Alexander C. and Chen, Tsuhan},
    month = {9},
    pages = {3221--3224},
    volume = {10668 LNCS},
    publisher = {IEEE},
    url = {http://ieeexplore.ieee.org/document/5651833/},
    isbn = {978-1-4244-7992-4},
    doi = {10.1109/ICIP.2010.5651833},
    issn = {16113349},
    keywords = {Aesthetic quality assessment, Decision fusion, Deep convolutional neural network, Faces}
}

@inproceedings{Nishiyama2011,
    title = {{Aesthetic quality classification of photographs based on color harmony}},
    year = {2011},
    booktitle = {Proceedings of the IEEE Computer Society Conference on Computer Vision and Pattern Recognition},
    author = {Nishiyama, Masashi and Okabe, Takahiro and Sato, Imari and Sato, Yoichi},
    month = {6},
    pages = {33--40},
    publisher = {IEEE},
    url = {http://ieeexplore.ieee.org/document/5995539/},
    isbn = {978-1-4577-0394-2},
    doi = {10.1109/CVPR.2011.5995539},
    issn = {10636919}
}

@inproceedings{Sun2015,
    title = {{Aesthetic visual quality evaluation of Chinese handwritings}},
    year = {2015},
    booktitle = {IJCAI International Joint Conference on Artificial Intelligence},
    author = {Sun, Rongju and Lian, Zhouhui and Tang, Yingmin and Xiao, Jianguo},
    number = {Ijcai},
    pages = {2510--2516},
    volume = {2015-Janua},
    url = {https://www.ijcai.org/Proceedings/15/Papers/356.pdf},
    isbn = {9781577357384},
    issn = {10450823},
    keywords = {Special Track on Artificial Intelligence and the A}
}

@article{Brielmann2018,
    title = {{Aesthetics}},
    year = {2018},
    journal = {Current Biology},
    author = {Brielmann, Aenne A. and Pelli, Denis G.},
    number = {16},
    month = {8},
    pages = {R859-R863},
    volume = {28},
    url = {https://linkinghub.elsevier.com/retrieve/pii/S0960982218307668},
    doi = {10.1016/j.cub.2018.06.004},
    issn = {09609822},
    pmid = {30130500}
}

@article{Joshi2011,
    title = {{Aesthetics and emotions in images}},
    year = {2011},
    journal = {IEEE Signal Processing Magazine},
    author = {Joshi, Dhiraj and Datta, Ritendra and Fedorovskaya, Elena and Luong, Quang Tuan and Wang, James Z. and Li, Jia and Luo, Jiebo},
    number = {5},
    month = {9},
    pages = {94--115},
    volume = {28},
    publisher = {IEEE},
    url = {http://ieeexplore.ieee.org/document/5999579/},
    doi = {10.1109/MSP.2011.941851},
    issn = {10535888}
}

@article{Zhang2021,
    title = {{Aggregating Nested Transformers}},
    year = {2021},
    author = {Zhang, Zizhao and Zhang, Han and Zhao, Long and Chen, Ting and Pfister, Tomas},
    pages = {1--18},
    url = {http://arxiv.org/abs/2105.12723},
    arxivId = {2105.12723}
}

@article{Buslaev2020a,
    title = {{Albumentations: Fast and Flexible Image Augmentations}},
    year = {2020},
    journal = {Information},
    author = {Buslaev, Alexander and Iglovikov, Vladimir I. and Khvedchenya, Eugene and Parinov, Alex and Druzhinin, Mikhail and Kalinin, Alexandr A.},
    number = {2},
    month = {2},
    pages = {125},
    volume = {11},
    url = {https://www.mdpi.com/2078-2489/11/2/125},
    doi = {10.3390/info11020125},
    issn = {2078-2489},
    arxivId = {1809.06839},
    keywords = {Computer vision, Data augmentation, Deep learning}
}

@article{Toeters2019,
    title = {{Algorithmic fashion aesthetics: Mandelbrot}},
    year = {2019},
    journal = {Proceedings - International Symposium on Wearable Computers, ISWC},
    author = {Toeters, Marina and Feijs, Loe and Van Loenhout, Daisy and Tieleman, Cindy and Virtala, Nita and Jaakson, Grete Karmen},
    pages = {322--328},
    isbn = {9781450368704},
    doi = {10.1145/3341163.3346946},
    issn = {15504816},
    keywords = {Aesthetics, Algorithms for Wearables, Fashion, Fashion innovation, Generative design, Mandelbrot}
}

@inproceedings{Datta2008,
    title = {{Algorithmic inferencing of aesthetics and emotion in natural images: An exposition}},
    year = {2008},
    booktitle = {2008 15th IEEE International Conference on Image Processing},
    author = {Datta, Ritendra and {Jia Li} and Wang, James Z.},
    pages = {105--108},
    publisher = {IEEE},
    url = {http://ieeexplore.ieee.org/document/4711702/},
    isbn = {978-1-4244-1765-0},
    doi = {10.1109/ICIP.2008.4711702},
    issn = {15224880},
    keywords = {Aesthetics, Datasets, Emotion, Learning}
}

@article{Qiao2018,
    title = {{An adaptive deep Q-learning strategy for handwritten digit recognition}},
    year = {2018},
    journal = {Neural Networks},
    author = {Qiao, Junfei and Wang, Gongming and Li, Wenjing and Chen, Min},
    month = {11},
    pages = {61--71},
    volume = {107},
    publisher = {Elsevier Ltd},
    url = {https://doi.org/10.1016/j.neunet.2018.02.010 https://linkinghub.elsevier.com/retrieve/pii/S0893608018300492},
    doi = {10.1016/j.neunet.2018.02.010},
    issn = {18792782},
    pmid = {29735249},
    keywords = {Adaptive Q-learning deep belief network, Adaptive deep auto-encoder, Deep learning, Handwritten digits recognition, Reinforcement learning}
}

@inproceedings{Wu2014,
    title = {{An aesthetic perspective to explore aesthetic components of interactive system}},
    year = {2014},
    booktitle = {CHI '14 Extended Abstracts on Human Factors in Computing Systems},
    author = {Wu, Yongmeng and Tan, Hao and Zhao, Jianghong},
    month = {4},
    pages = {2587--2592},
    publisher = {ACM},
    url = {https://dl.acm.org/doi/10.1145/2559206.2581216},
    address = {New York, NY, USA},
    isbn = {9781450324748},
    doi = {10.1145/2559206.2581216},
    keywords = {Aesthetic components, Aesthetic experience, Interaction attributes}
}

@misc{Domenikos1580,
    title = {{An Allegory (Fabula)}},
    year = {1580},
    booktitle = {Oil on canvas},
    author = {{Dotokopoulos Domenikos}},
    pages = {67.30 x 88.60 cm},
    url = {https://www.nationalgalleries.org/art-and-artists/34184/allegory-fábula}
}

@article{Su,
    title = {{An End-to-end Method for Producing Scanning-robust Stylized QR Codes}},
    year = {2020},
    author = {Su, Hao and Niu, Jianwei and Liu, Xuefeng and Li, Qingfeng and Wan, Ji and Xu, Mingliang and Ren, Tao},
    month = {11},
    url = {http://arxiv.org/abs/2011.07815},
    arxivId = {2011.07815}
}

@article{Dosovitskiy2020,
    title = {{An Image is Worth 16x16 Words: Transformers for Image Recognition at Scale}},
    year = {2020},
    author = {Dosovitskiy, Alexey and Beyer, Lucas and Kolesnikov, Alexander and Weissenborn, Dirk and Zhai, Xiaohua and Unterthiner, Thomas and Dehghani, Mostafa and Minderer, Matthias and Heigold, Georg and Gelly, Sylvain and Uszkoreit, Jakob and Houlsby, Neil},
    month = {10},
    url = {http://arxiv.org/abs/2010.11929 https://arxiv.org/pdf/2010.11929.pdf},
    arxivId = {2010.11929}
}

@article{Schifanella2015,
    title = {{An image is worth more than a thousand favorites: Surfacing the hidden beauty of flickr pictures}},
    year = {2015},
    journal = {Proceedings of the 9th International Conference on Web and Social Media, ICWSM 2015},
    author = {Schifanella, Rossano and Redi, Miriam and Aiello, Luca Maria},
    pages = {397--406},
    isbn = {9781577357339},
    arxivId = {1505.03358}
}

@article{Tuli2021,
    title = {{Are Convolutional Neural Networks or Transformers more like human vision?}},
    year = {2021},
    author = {Tuli, Shikhar and Dasgupta, Ishita and Grant, Erin and Griffiths, Thomas L.},
    volume = {2},
    url = {http://arxiv.org/abs/2105.07197},
    arxivId = {2105.07197}
}

@book{Huston2015,
    title = {{Art, Aesthetics, and the Brain}},
    year = {2015},
    editor = {Huston, Joseph P. and Nadal, Marcos and Mora, Francisco and Agnati, Luigi F. and Conde, Camilo José Cela},
    month = {6},
    publisher = {Oxford University Press},
    url = {https://oxford.universitypressscholarship.com/view/10.1093/acprof:oso/9780199670000.001.0001/acprof-9780199670000},
    isbn = {9780199670000},
    doi = {10.1093/acprof:oso/9780199670000.001.0001}
}

@article{Coe1992,
    title = {{Art: The replicable unit—An inquiry into the possible origin of art as a social behavior}},
    year = {1992},
    journal = {Journal of Social and Evolutionary Systems},
    author = {Coe, Kathryn},
    number = {2},
    month = {1},
    pages = {217--234},
    volume = {15},
    url = {https://linkinghub.elsevier.com/retrieve/pii/106173619290005X},
    doi = {10.1016/1061-7361(92)90005-X},
    issn = {10617361}
}

@article{Pereira2020,
    title = {{Artificial intelligence and institutional critique 2.0: unexpected ways of seeing with computer vision}},
    year = {2020},
    journal = {AI {\&} SOCIETY},
    author = {Pereira, Gabriel and Moreschi, Bruno},
    number = {0123456789},
    month = {9},
    publisher = {Springer London},
    url = {https://doi.org/10.1007/s00146-020-01059-y https://link.springer.com/10.1007/s00146-020-01059-y},
    isbn = {0123456789},
    doi = {10.1007/s00146-020-01059-y},
    issn = {0951-5666},
    keywords = {Computer vision, Contemporary art, Error, Image analysis, Institutional critique}
}

@article{Specht2010,
    title = {{Artists' statements can influence perceptions of artwork}},
    year = {2010},
    journal = {Empirical Studies of the Arts},
    author = {Specht, Steven},
    number = {2},
    pages = {193--206},
    volume = {28},
    doi = {10.2190/EM.28.2.e},
    issn = {02762374}
}

@inproceedings{Yin2012,
    title = {{Assessing photo quality with geo-context and crowdsourced photos}},
    year = {2012},
    booktitle = {2012 Visual Communications and Image Processing},
    author = {Yin, Wenyuan and Mei, Tao and Chen, Chang Wen},
    month = {11},
    pages = {1--6},
    publisher = {IEEE},
    url = {http://ieeexplore.ieee.org/document/6410821/},
    isbn = {978-1-4673-4407-4},
    doi = {10.1109/VCIP.2012.6410821},
    issn = {2313-1799},
    keywords = {Photo quality assessment, geo-context, social media, transfer learning}
}

@inproceedings{Marchesotti2011,
    title = {{Assessing the aesthetic quality of photographs using generic image descriptors}},
    year = {2011},
    booktitle = {Proceedings of the IEEE International Conference on Computer Vision},
    author = {Marchesotti, Luca and Perronnin, Florent and Larlus, Diane and Csurka, Gabriela},
    month = {11},
    pages = {1784--1791},
    publisher = {IEEE},
    url = {http://ieeexplore.ieee.org/document/6126444/},
    isbn = {9781457711015},
    doi = {10.1109/ICCV.2011.6126444}
}

@article{Lo2012a,
    title = {{Assessment of Photo Aesthetics with Efficiency Research Center for Information Technology Innovation , Academia Sinica , Taipei , Taiwan Institute of Information Science , Academia Sinica , Taipei , Taiwan}},
    year = {2012},
    author = {Lo, Kuo-yen and Liu, Keng-hao and Chen, Chu-song},
    number = {Icpr},
    pages = {2186--2189},
    publisher = {IEEE},
    url = {https://ieeexplore.ieee.org/document/6460596 https://ieeexplore.ieee.org/stamp/stamp.jsp?tp=&arnumber=6460596},
    isbn = {9784990644109}
}

@incollection{Murez2020,
    title = {{Atlas: End-to-End 3D Scene Reconstruction from Posed Images}},
    year = {2020},
    booktitle = {Lecture Notes in Computer Science (including subseries Lecture Notes in Artificial Intelligence and Lecture Notes in Bioinformatics)},
    author = {Murez, Zak and van As, Tarrence and Bartolozzi, James and Sinha, Ayan and Badrinarayanan, Vijay and Rabinovich, Andrew},
    month = {3},
    pages = {414--431},
    volume = {12352 LNCS},
    url = {http://arxiv.org/abs/2003.10432 https://link.springer.com/10.1007/978-3-030-58571-6_25},
    isbn = {9783030585709},
    doi = {10.1007/978-3-030-58571-6{\_}25},
    issn = {16113349},
    arxivId = {2003.10432},
    keywords = {3D reconstruction, Multiview stereo, TSDF}
}

@article{Vaswani2017a,
    title = {{Attention Is All You Need}},
    year = {2017},
    journal = {Advances in Neural Information Processing Systems},
    author = {Vaswani, Ashish and Shazeer, Noam and Parmar, Niki and Uszkoreit, Jakob and Jones, Llion and Gomez, Aidan N. and Kaiser, Lukasz and Polosukhin, Illia},
    number = {Nips},
    month = {6},
    pages = {5999--6009},
    volume = {2017-Decem},
    url = {http://arxiv.org/abs/1706.03762},
    issn = {10495258},
    arxivId = {1706.03762}
}

@inproceedings{Sheng2018,
    title = {{Attention-based Multi-Patch Aggregation for Image Aesthetic Assessment}},
    year = {2018},
    booktitle = {Proceedings of the 26th ACM international conference on Multimedia},
    author = {Sheng, Kekai and Dong, Weiming and Ma, Chongyang and Mei, Xing and Huang, Feiyue and Hu, Bao-Gang},
    number = {January 2019},
    month = {10},
    pages = {879--886},
    publisher = {ACM},
    url = {https://dl.acm.org/doi/10.1145/3240508.3240554},
    address = {New York, NY, USA},
    isbn = {9781450356657},
    doi = {10.1145/3240508.3240554},
    keywords = {Image aesthetic assessment, attention mechanism, m}
}

@inproceedings{Sheng2018a,
    title = {{Attention-based multi-patch aggregation for image aesthetic assessment}},
    year = {2018},
    booktitle = {MM 2018 - Proceedings of the 2018 ACM Multimedia Conference},
    author = {Sheng, Kekai and Mei, Xing and Dong, Weiming and Huang, Feiyue and Ma, Chongyang and Hu, Bao Gang},
    month = {10},
    pages = {879--886},
    publisher = {Association for Computing Machinery, Inc},
    isbn = {9781450356657},
    doi = {10.1145/3240508.3240554},
    keywords = {Attention mechanism, Convolutional neural network, Image aesthetic assessment, Multi-patch aggregation}
}

@article{Aydin2015,
    title = {{Automated aesthetic analysis of photographic images}},
    year = {2015},
    journal = {IEEE Transactions on Visualization and Computer Graphics},
    author = {Aydin, Tunc Ozan and Smolic, Aljoscha and Gross, Markus},
    number = {1},
    month = {1},
    pages = {31--42},
    volume = {21},
    url = {http://ieeexplore.ieee.org/document/6819054/},
    doi = {10.1109/TVCG.2014.2325047},
    issn = {10772626},
    keywords = {Image aesthetics assessment, aesthetic attributes, aesthetic signature}
}

@article{Roychowdhury2019,
    title = {{Automatic adaptation of object detectors to new domains using self-training}},
    year = {2019},
    journal = {Proceedings of the IEEE Computer Society Conference on Computer Vision and Pattern Recognition},
    author = {Roychowdhury, Aruni and Chakrabarty, Prithvijit and Singh, Ashish and Jin, Souyoung and Jiang, Huaizu and Cao, Liangliang and Learned-Miller, Erik},
    pages = {780--790},
    volume = {2019-June},
    isbn = {9781728132938},
    doi = {10.1109/CVPR.2019.00087},
    issn = {10636919},
    arxivId = {1904.07305},
    keywords = {And Body Pose, Big Data, Categorization, Face, Gesture, Large Scale Methods, Motion and Tracking, Recognition: Detection, Retrieval, Robotics + Drivi}
}

@article{Li2003,
    title = {{Automatic linguistic indexing of pictures by a statistical modeling approach}},
    year = {2003},
    journal = {IEEE Transactions on Pattern Analysis and Machine Intelligence},
    author = {Li, Jia and Wang, James Z.},
    number = {9},
    pages = {1075--1088},
    volume = {25},
    doi = {10.1109/TPAMI.2003.1227984},
    issn = {01628828},
    keywords = {Computer vision, Content-based image retrieval, Hidden Markov model, Image classification, Statistical learning wavelets}
}

@article{Mullennix2013,
    title = {{Automaticity and the processing of artistic photographs}},
    year = {2013},
    journal = {Empirical Studies of the Arts},
    author = {Mullennix, J. W. and Foytik, L. R. and Chan, C. H. and Dragun, B. R. and Maloney, M. and Polaski, L.},
    number = {2},
    pages = {145--171},
    volume = {31},
    doi = {10.2190/EM.31.2.c},
    issn = {02762374}
}

@inproceedings{Murray2012,
    title = {{AVA: A large-scale database for aesthetic visual analysis}},
    year = {2012},
    booktitle = {Proceedings of the IEEE Computer Society Conference on Computer Vision and Pattern Recognition},
    author = {Murray, Naila and Marchesotti, Luca and Perronnin, Florent},
    month = {6},
    pages = {2408--2415},
    publisher = {IEEE},
    url = {http://ieeexplore.ieee.org/document/6247954/},
    isbn = {9781467312264},
    doi = {10.1109/CVPR.2012.6247954},
    issn = {10636919}
}

@article{LeCun1989,
    title = {{Backpropagation Applied to Handwritten Zip Code Recognition}},
    year = {1989},
    journal = {Neural Computation},
    author = {LeCun, Y. and Boser, B. and Denker, J. S. and Henderson, D. and Howard, R. E. and Hubbard, W. and Jackel, L. D.},
    number = {4},
    month = {12},
    pages = {541--551},
    volume = {1},
    url = {https://direct.mit.edu/neco/article/1/4/541-551/5515},
    doi = {10.1162/neco.1989.1.4.541},
    issn = {0899-7667}
}

@misc{Kruger1898,
    title = {{Barbara Kruger - Untitled (Your body is a battleground)}},
    year = {1989},
    booktitle = {photographic silkscreen on vinyl 112 x 112 in. (284.48 x 284.48 cm)},
    author = {Kruger, Barbara},
    pages = {12 x 112 in. (284.48 x 284.48 cm)},
    url = {https://www.thebroad.org/art/barbara-kruger/untitled-your-body-battleground}
}

@book{Leibe2016,
    title = {{Bastian Leibe Jiri Matas Nicu Sebe Max Welling (Eds.) Computer Vision-ECCV 2016}},
    year = {2016},
    author = {Leibe, Bastian and Hutchison, David},
    url = {http://www.springer.com/series/7412},
    isbn = {9783319464473}
}

@article{DaSilva2017,
    title = {{Beauty in efficiency: An experimental enquiry into the principle of maximum effect for minimum means}},
    year = {2017},
    journal = {Empirical Studies of the Arts},
    author = {Da Silva, Odette and Crilly, Nathan and Hekkert, Paul},
    number = {1},
    pages = {93--120},
    volume = {35},
    doi = {10.1177/0276237416638488},
    issn = {15414493},
    keywords = {aesthetic appreciation, aesthetic principles, design aesthetics, efficiency, maximum effect for minimum means, product experience}
}

@article{Devlin2019,
    title = {{BERT: Pre-training of deep bidirectional transformers for language understanding}},
    year = {2019},
    journal = {NAACL HLT 2019 - 2019 Conference of the North American Chapter of the Association for Computational Linguistics: Human Language Technologies - Proceedings of the Conference},
    author = {Devlin, Jacob and Chang, Ming Wei and Lee, Kenton and Toutanova, Kristina},
    number = {Mlm},
    pages = {4171--4186},
    volume = {1},
    isbn = {9781950737130},
    arxivId = {1810.04805}
}

@incollection{Kolesnikov2020,
    title = {{Big Transfer (BiT): General Visual Representation Learning}},
    year = {2020},
    booktitle = {Lecture Notes in Computer Science (including subseries Lecture Notes in Artificial Intelligence and Lecture Notes in Bioinformatics)},
    author = {Kolesnikov, Alexander and Beyer, Lucas and Zhai, Xiaohua and Puigcerver, Joan and Yung, Jessica and Gelly, Sylvain and Houlsby, Neil},
    month = {1},
    pages = {491--507},
    volume = {12350 LNCS},
    url = {https://link.springer.com/10.1007/978-3-030-58558-7_29},
    isbn = {9783030585570},
    doi = {10.1007/978-3-030-58558-7{\_}29},
    issn = {16113349},
    arxivId = {1912.11370}
}

@article{Douchova2016,
    title = {{Birkhoff’s aesthetic measure}},
    year = {2016},
    journal = {AUC PHILOSOPHICA ET HISTORICA},
    author = {Douchov{\'{a}}, Veronika},
    number = {1},
    month = {8},
    pages = {39--53},
    volume = {2015},
    url = {http://www.karolinum.cz/doi/10.14712/24647055.2016.8},
    doi = {10.14712/24647055.2016.8},
    issn = {2464-7055},
    keywords = {aesthetic measure, information aesthetics, information complexity, nal aesthetics, ratio-, theory of information}
}

@article{Saad2012a,
    title = {{Blind image quality assessment: a natural scene statistics approach in the DCT domain.}},
    year = {2012},
    journal = {IEEE transactions on image processing : a publication of the IEEE Signal Processing Society},
    author = {Saad, Michele A and Bovik, Alan C and Charrier, Christophe},
    number = {8},
    month = {8},
    pages = {3339--52},
    volume = {21},
    publisher = {IEEE},
    url = {http://ieeexplore.ieee.org/document/6172573/ http://www.ncbi.nlm.nih.gov/pubmed/22453635},
    doi = {10.1109/TIP.2012.2191563},
    issn = {1941-0042},
    pmid = {22453635},
    keywords = {Discrete cosine transform (DCT), generalized Gaussian density, natural scene statistics, no-reference image quality assessment}
}

@article{Srinivas2021,
    title = {{Bottleneck Transformers for Visual Recognition}},
    year = {2021},
    author = {Srinivas, Aravind and Lin, Tsung-Yi and Parmar, Niki and Shlens, Jonathon and Abbeel, Pieter and Vaswani, Ashish},
    pages = {16519--16529},
    url = {http://arxiv.org/abs/2101.11605},
    arxivId = {2101.11605}
}

@article{Srinivas2021a,
    title = {{Bottleneck Transformers for Visual Recognition}},
    year = {2021},
    author = {Srinivas, Aravind and Lin, Tsung-Yi and Parmar, Niki and Shlens, Jonathon and Abbeel, Pieter and Vaswani, Ashish},
    number = {Figure 1},
    pages = {16519--16529},
    url = {http://arxiv.org/abs/2101.11605},
    arxivId = {2101.11605}
}

@article{Wang2016c,
    title = {{Brain-Inspired Deep Networks for Image Aesthetics Assessment}},
    year = {2016},
    author = {Wang, Zhangyang and Chang, Shiyu and Dolcos, Florin and Beck, Diane and Liu, Ding and Huang, Thomas S.},
    url = {http://arxiv.org/abs/1601.04155},
    arxivId = {1601.04155}
}

@article{Tong2004,
    title = {{Classification of digital photos taken by photographers or home users}},
    year = {2004},
    journal = {Lecture Notes in Computer Science (including subseries Lecture Notes in Artificial Intelligence and Lecture Notes in Bioinformatics)},
    author = {Tong, Hanghang and Li, Mingjing and Zhang, Hong Jiang and He, Jingrui and Zhang, Changshui},
    number = {July 2015},
    pages = {198--205},
    volume = {3331},
    isbn = {9783540305415},
    doi = {10.1007/978-3-540-30541-5{\_}25},
    issn = {16113349}
}

@article{Dai2021,
    title = {{CoAtNet: Marrying Convolution and Attention for All Data Sizes}},
    year = {2021},
    author = {Dai, Zihang and Liu, Hanxiao and Le, Quoc V. and Tan, Mingxing},
    pages = {1--18},
    url = {http://arxiv.org/abs/2106.04803},
    arxivId = {2106.04803}
}

@article{ODonovan2014,
    title = {{Collaborative filtering of color aesthetics}},
    year = {2014},
    journal = {Cae 2014 - Proceedings of the Workshop on Computational Aesthetics - Joint Symposium on Computational Aesthetics and Sketch-Based Interfaces and Modeling and Non-Photorealistic Animation and Rendering, Expressive 2014},
    author = {O'Donovan, Peter and Agarwala, Aseem and Hertzmann, Aaron},
    pages = {33--40},
    isbn = {9781450330190},
    doi = {10.1145/2630099.2630100},
    keywords = {Aesthetics, Collaborative filtering, Color, Design, Machine learning}
}

@article{Tsutsui2011,
    title = {{Complexity scale and aesthetic judgments of color combinations}},
    year = {2011},
    journal = {Empirical Studies of the Arts},
    author = {Tsutsui, Ako and Ohmi, Gentarow},
    number = {1},
    pages = {1--15},
    volume = {29},
    doi = {10.2190/EM.29.1.a},
    issn = {02762374}
}

@article{Celona2021,
    title = {{Composition and Style Attributes Guided Image Aesthetic Assessment}},
    year = {2021},
    author = {Celona, Luigi and Leonardi, Marco and Napoletano, Paolo and Rozza, Alessandro},
    number = {8},
    pages = {1--14},
    volume = {14},
    url = {http://arxiv.org/abs/2111.04647},
    arxivId = {2111.04647}
}

@article{Liu2020a,
    title = {{Composition-aware image aesthetics assessment}},
    year = {2020},
    journal = {Proceedings - 2020 IEEE Winter Conference on Applications of Computer Vision, WACV 2020},
    author = {Liu, Dong and Puri, Rohit and Kamath, Nagendra and Bhattacharya, Subhabrata},
    pages = {3558--3567},
    isbn = {9781728165530},
    doi = {10.1109/WACV45572.2020.9093412},
    arxivId = {1907.10801}
}

@inproceedings{Mai2016,
    title = {{Composition-Preserving Deep Photo Aesthetics Assessment}},
    year = {2016},
    booktitle = {2016 IEEE Conference on Computer Vision and Pattern Recognition (CVPR)},
    author = {Mai, Long and Jin, Hailin and Liu, Feng},
    month = {6},
    pages = {497--506},
    publisher = {IEEE},
    url = {http://ieeexplore.ieee.org/document/7780429/},
    isbn = {978-1-4673-8851-1},
    doi = {10.1109/CVPR.2016.60}
}

@inproceedings{Mai2016a,
    title = {{Composition-Preserving Deep Photo Aesthetics Assessment}},
    year = {2016},
    booktitle = {2016 IEEE Conference on Computer Vision and Pattern Recognition (CVPR)},
    author = {Mai, Long and Jin, Hailin and Liu, Feng},
    month = {6},
    pages = {497--506},
    publisher = {IEEE},
    url = {http://ieeexplore.ieee.org/document/7780429/},
    isbn = {978-1-4673-8851-1},
    doi = {10.1109/CVPR.2016.60}
}

@techreport{Mai,
    title = {{Composition-preserving Deep Photo Aesthetics Assessment}},
    author = {Mai, Long and Jin, Hailin and Research, Adobe and Liu, Feng}
}

@article{Spratt2015,
    title = {{Computational beauty: Aesthetic judgment at the intersection of art and science}},
    year = {2015},
    journal = {Lecture Notes in Computer Science (including subseries Lecture Notes in Artificial Intelligence and Lecture Notes in Bioinformatics)},
    author = {Spratt, Emily L. and Elgammal, Ahmed},
    pages = {35--53},
    volume = {8925},
    isbn = {9783319161778},
    doi = {10.1007/978-3-319-16178-5{\_}3},
    issn = {16113349},
    arxivId = {1410.2488},
    keywords = {Aesthetic judgment, Aesthetic theory, Computer vision, Critical theory, Formalism}
}

@inproceedings{Makili2011,
    title = {{Computationally efficient SVM multi-class image recognition with confidence measures}},
    year = {2011},
    booktitle = {Fusion Engineering and Design},
    author = {Makili, Lázaro and Vega, Jesús and Dormido-Canto, Sebastián and Pastor, Ignacio and Murari, Andrea},
    number = {6-8},
    month = {10},
    pages = {1213--1216},
    volume = {86},
    url = {https://linkinghub.elsevier.com/retrieve/pii/S0920379611002511},
    doi = {10.1016/j.fusengdes.2011.02.081},
    issn = {09203796},
    keywords = {Classifier, Conformal prediction, Hashed transduction, Support Vector Machines}
}

@book{Zhang2016,
    title = {{Computer Models for Facial Beauty Analysis}},
    year = {2016},
    booktitle = {Computer Models for Facial Beauty Analysis},
    author = {Zhang, David and Chen, Fangmei and Xu, Yong},
    pages = {1--268},
    publisher = {Springer International Publishing},
    url = {http://link.springer.com/10.1007/978-3-319-32598-9},
    address = {Cham},
    isbn = {978-3-319-32596-5},
    doi = {10.1007/978-3-319-32598-9}
}

@article{Feng2019,
    title = {{Computer vision algorithms and hardware implementations: A survey}},
    year = {2019},
    journal = {Integration},
    author = {Feng, Xin and Jiang, Youni and Yang, Xuejiao and Du, Ming and Li, Xin},
    number = {August},
    pages = {309--320},
    volume = {69},
    publisher = {Elsevier Ltd},
    url = {https://doi.org/10.1016/j.vlsi.2019.07.005},
    isbn = {1064699383},
    doi = {10.1016/j.vlsi.2019.07.005},
    issn = {01679260},
    keywords = {Artificial intelligence, Computer vision, Deep convolutional neural network, Hardware accelerator}
}

@article{Stork2009,
    title = {{Computer vision and computer graphics analysis of paintings and drawings: An introduction to the literature}},
    year = {2009},
    journal = {Lecture Notes in Computer Science (including subseries Lecture Notes in Artificial Intelligence and Lecture Notes in Bioinformatics)},
    author = {Stork, David G.},
    pages = {9--24},
    volume = {5702 LNCS},
    isbn = {3642037666},
    doi = {10.1007/978-3-642-03767-2{\_}2},
    issn = {03029743},
    keywords = {Brush stroke analysis, Compositing, Computer graphics reconstructions, Computer image analysis, Image forensics, Painting analysis, Pattern recognition}
}

@article{Brunetti2018,
    title = {{Computer vision and deep learning techniques for pedestrian detection and tracking: A survey}},
    year = {2018},
    journal = {Neurocomputing},
    author = {Brunetti, Antonio and Buongiorno, Domenico and Trotta, Gianpaolo Francesco and Bevilacqua, Vitoantonio},
    month = {7},
    pages = {17--33},
    volume = {300},
    publisher = {Elsevier B.V.},
    url = {https://doi.org/10.1016/j.neucom.2018.01.092 https://linkinghub.elsevier.com/retrieve/pii/S092523121830290X},
    doi = {10.1016/j.neucom.2018.01.092},
    issn = {09252312},
    keywords = {Artificial neural network, Convolutional neural network, Deep learning, Features extraction, Human tracking, Machine learning, Pedestrian detection}
}

@book{Kading2017a,
    title = {{Computer Vision – ACCV 2016 Workshops}},
    year = {2017},
    booktitle = {Lecture Notes in Computer Science (including subseries Lecture Notes in Artificial Intelligence and Lecture Notes in Bioinformatics)},
    author = {K{\"{a}}ding, Christoph and Rodner, Erik and Freytag, Alexander and Denzler, Joachim},
    editor = {Chen, Chu-Song and Lu, Jiwen and Ma, Kai-Kuang},
    pages = {588--605},
    series = {Lecture Notes in Computer Science},
    volume = {10118},
    publisher = {Springer International Publishing},
    url = {http://link.springer.com/10.1007/978-3-319-54526-4_43 http://link.springer.com/10.1007/978-3-319-54526-4},
    address = {Cham},
    isbn = {978-3-319-54525-7},
    doi = {10.1007/978-3-319-54526-4},
    issn = {16113349}
}

@article{TURING1950,
    title = {{COMPUTING MACHINERY AND INTELLIGENCE}},
    year = {1950},
    journal = {Mind},
    author = {TURING, A. M.},
    number = {236},
    month = {10},
    pages = {433--460},
    volume = {LIX},
    url = {https://academic.oup.com/mind/article/LIX/236/433/986238},
    isbn = {9781136525049},
    doi = {10.1093/mind/LIX.236.433},
    issn = {1460-2113},
    keywords = {Computational metaphors, Natural language, Prediction, Symbolic models}
}

@article{Chu2021a,
    title = {{Conditional Positional Encodings for Vision Transformers}},
    year = {2021},
    author = {Chu, Xiangxiang and Tian, Zhi and Zhang, Bo and Wang, Xinlong and Wei, Xiaolin and Xia, Huaxia and Shen, Chunhua},
    url = {http://arxiv.org/abs/2102.10882},
    arxivId = {2102.10882}
}

@article{Tang2013a,
    title = {{Content-Based Photo Quality Assessment}},
    year = {2013},
    journal = {IEEE Transactions on Multimedia},
    author = {Tang, Xiaoou and Luo, Wei and Wang, Xiaogang},
    number = {8},
    month = {12},
    pages = {1930--1943},
    volume = {15},
    url = {http://mmlab.ie.cuhk.edu.hk/CUHKPQ/Dataset.htm. http://ieeexplore.ieee.org/document/6544270/},
    isbn = {8523943838},
    doi = {10.1109/TMM.2013.2269899},
    issn = {1520-9210},
    keywords = {Clarity Con-trast, Composition Geometry, Content-based, Dark Channel, Hue Composition, Index Terms—Photo Quality Assessment, Scene Composition}
}

@article{DAscoli2021,
    title = {{ConViT: Improving Vision Transformers with Soft Convolutional Inductive Biases}},
    year = {2021},
    journal = {International Conference on Machine Learning},
    author = {d'Ascoli, Stéphane and Touvron, Hugo and Leavitt, Matthew and Morcos, Ari and Biroli, Giulio and Sagun, Levent},
    month = {3},
    url = {http://arxiv.org/abs/2103.10697},
    arxivId = {2103.10697}
}

@article{Lindsay2021,
    title = {{Convolutional Neural Networks as a Model of the Visual System: Past, Present, and Future}},
    year = {2020},
    journal = {Journal of Cognitive Neuroscience},
    author = {Lindsay, Grace W.},
    number = {10},
    month = {1},
    pages = {2017--2031},
    volume = {33},
    url = {http://arxiv.org/abs/2001.07092 http://dx.doi.org/10.1162/jocn_a_01544},
    doi = {10.1162/jocn{\_}a{\_}01544},
    issn = {0898-929X},
    pmid = {32027584},
    arxivId = {2001.07092}
}

@article{Sindel2021,
    title = {{Craquelurenet: Matching The Crack Structure In Historical Paintings For Multi-Modal Image Registration}},
    year = {2021},
    journal = {2021 IEEE International Conference on Image Processing (ICIP)},
    author = {Sindel, Aline and Maier, Andreas and Christlein, Vincent},
    pages = {994--998},
    publisher = {IEEE},
    isbn = {9781665441155},
    doi = {10.1109/icip42928.2021.9506071}
}

@article{Xu2021a,
    title = {{CrossViT: Cross-Attention Multi-Scale Vision Transformer for Image Classification}},
    year = {2021},
    author = {Chen, Chun-Fu and Fan, Quanfu and Panda, Rameswar},
    month = {3},
    url = {http://arxiv.org/abs/2104.06399 http://arxiv.org/abs/2103.14899},
    arxivId = {2103.14899}
}

@article{Chen2021a,
    title = {{CrossViT: Cross-Attention Multi-Scale Vision Transformer for Image Classification}},
    year = {2021},
    author = {Chen, Chun-Fu and Fan, Quanfu and Panda, Rameswar},
    url = {http://arxiv.org/abs/2103.14899},
    arxivId = {2103.14899}
}

@article{Lomonaco2020,
    title = {{CVPR 2020 Continual Learning in Computer Vision Competition: Approaches, Results, Current Challenges and Future Directions}},
    year = {2020},
    journal = {ArXiv},
    author = {Lomonaco, Vincenzo and Pellegrini, Lorenzo and Rodriguez, Pau and Caccia, Massimo and She, Qi and Chen, Yu and Jodelet, Quentin and Wang, Ruiping and Mai, Zheda and Vazquez, David and Parisi, German I. and Churamani, Nikhil and Pickett, Marc and Laradji, Issam and Maltoni, Davide},
    month = {9},
    url = {http://arxiv.org/abs/2009.09929},
    arxivId = {2009.09929}
}

@article{Wu2021,
    title = {{CvT: Introducing Convolutions to Vision Transformers}},
    year = {2021},
    author = {Wu, Haiping and Xiao, Bin and Codella, Noel and Liu, Mengchen and Dai, Xiyang and Yuan, Lu and Zhang, Lei},
    month = {3},
    url = {http://arxiv.org/abs/2103.15808},
    arxivId = {2103.15808}
}

@inproceedings{Mikolajczyk2018,
    title = {{Data augmentation for improving deep learning in image classification problem}},
    year = {2018},
    booktitle = {2018 International Interdisciplinary PhD Workshop (IIPhDW)},
    author = {Mikolajczyk, Agnieszka and Grochowski, Michal},
    month = {5},
    pages = {117--122},
    publisher = {IEEE},
    url = {https://ieeexplore.ieee.org/document/8388338/},
    isbn = {978-1-5386-6143-7},
    doi = {10.1109/IIPHDW.2018.8388338},
    keywords = {Machine learning, data augmentation, deep learning, medical imaging, style transfer}
}

@article{Koa2016b,
    title = {{Deep Aesthetic Quality Assessment with Semantic Information}},
    year = {2016},
    journal = {IEEE Transactions on Image Processing},
    author = {Kao, Yueying and He, Ran and Huang, Kaiqi},
    number = {3},
    month = {4},
    pages = {1482--1495},
    volume = {26},
    url = {http://arxiv.org/abs/1604.04970 http://dx.doi.org/10.1109/TIP.2017.2651399},
    doi = {10.1109/TIP.2017.2651399},
    issn = {10577149},
    pmid = {28092553},
    arxivId = {1604.04970},
    keywords = {Visual aesthetic quality assessment, multi-Task learning, semantic information}
}

@inproceedings{Murthy2016,
    title = {{Deep Decision Network for Multi-class Image Classification}},
    year = {2016},
    booktitle = {Proceedings of the IEEE Computer Society Conference on Computer Vision and Pattern Recognition},
    author = {Murthy, Venkatesh N and Singh, Vivek and Chen, Terrence and Manmatha, R and Comaniciu, Dorin},
    month = {6},
    pages = {2240--2248},
    volume = {2016-Decem},
    publisher = {IEEE},
    url = {http://ieeexplore.ieee.org/document/7780615/},
    isbn = {9781467388504},
    doi = {10.1109/CVPR.2016.246},
    issn = {10636919}
}

@inproceedings{Jin2016,
    title = {{Deep image aesthetics classification using inception modules and fine-tuning connected layer}},
    year = {2016},
    booktitle = {2016 8th International Conference on Wireless Communications and Signal Processing, WCSP 2016},
    author = {Jin, Xin and Chi, Jingying and Peng, Siwei and Tian, Yulu and Ye, Chaochen and Li, Xiaodong},
    month = {10},
    pages = {1--6},
    volume = {1},
    publisher = {IEEE},
    url = {http://ieeexplore.ieee.org/document/7752571/},
    isbn = {9781509028603},
    doi = {10.1109/WCSP.2016.7752571}
}

@article{Yu2017,
    title = {{Deep Layer Aggregation}},
    year = {2017},
    author = {Yu, Fisher and Wang, Dequan and Shelhamer, Evan and Darrell, Trevor},
    month = {7},
    url = {http://arxiv.org/abs/1707.06484},
    arxivId = {1707.06484}
}

@article{Castellano2021,
    title = {{Deep learning approaches to pattern extraction and recognition in paintings and drawings: an overview}},
    year = {2021},
    journal = {Neural Computing and Applications},
    author = {Castellano, Giovanna and Vessio, Gennaro},
    number = {19},
    pages = {12263--12282},
    volume = {33},
    publisher = {Springer London},
    url = {https://doi.org/10.1007/s00521-021-05893-z},
    isbn = {0052102105893},
    doi = {10.1007/s00521-021-05893-z},
    issn = {14333058},
    keywords = {Computer vision, Deep learning, Digital humanities, Literary review, Visual arts}
}

@misc{Lennan2018,
    title = {{Deep Learning for Classifying Hotel Aesthetics Photos}},
    year = {2018},
    booktitle = {Developer Blog},
    author = {Lennan, Christopher and Dat, Tran},
    url = {https://developer.nvidia.com/blog/deep-learning-hotel-aesthetics-photos/}
}

@article{McCormack2021,
    title = {{Deep learning of individual aesthetics}},
    year = {2021},
    journal = {Neural Computing and Applications},
    author = {McCormack, Jon and Lomas, Andy},
    number = {1},
    month = {1},
    pages = {3--17},
    volume = {33},
    url = {http://link.springer.com/10.1007/s00521-020-05376-7},
    doi = {10.1007/s00521-020-05376-7},
    issn = {14333058},
    arxivId = {2009.12216},
    keywords = {Aesthetic measure, Aesthetics, Convolutional neural networks, Dimension reduction, Evolutionary art, Morphogenesis}
}

@article{Wu2020b,
    title = {{Deep Learning Techniques for Community Detection in Social Networks}},
    year = {2020},
    journal = {IEEE Access},
    author = {Wu, Ling and Zhang, Qishan and Chen, Chi-Hua and Guo, Kun and Wang, Deqin},
    pages = {96016--96026},
    volume = {8},
    url = {https://ieeexplore.ieee.org/document/9097182/},
    doi = {10.1109/ACCESS.2020.2996001},
    issn = {2169-3536},
    keywords = {Community detection, auto-encoder, convolutional neural network, social network}
}

@article{Esteva2021,
    title = {{Deep learning-enabled medical computer vision}},
    year = {2021},
    journal = {npj Digital Medicine},
    author = {Esteva, Andre and Chou, Katherine and Yeung, Serena and Naik, Nikhil and Madani, Ali and Mottaghi, Ali and Liu, Yun and Topol, Eric and Dean, Jeff and Socher, Richard},
    number = {1},
    pages = {1--9},
    volume = {4},
    publisher = {Springer US},
    url = {http://dx.doi.org/10.1038/s41746-020-00376-2},
    doi = {10.1038/s41746-020-00376-2},
    issn = {23986352}
}

@inproceedings{Lu2015b,
    title = {{Deep multi-patch aggregation network for image style, aesthetics, and quality estimation}},
    year = {2015},
    booktitle = {Proceedings of the IEEE International Conference on Computer Vision},
    author = {Lu, Xin and Lin, Zhe and Shen, Xiaohui and Mech, Radomir and Wang, James Z.},
    month = {12},
    pages = {990--998},
    volume = {2015 Inter},
    publisher = {IEEE},
    url = {http://ieeexplore.ieee.org/document/7410476/},
    isbn = {9781467383912},
    doi = {10.1109/ICCV.2015.119},
    issn = {15505499}
}

@article{such2018deep,
    title = {{Deep Neuroevolution: Genetic Algorithms Are a Competitive Alternative for Training Deep Neural Networks for Reinforcement Learning}},
    year = {2017},
    author = {Such, Felipe Petroski and Madhavan, Vashisht and Conti, Edoardo and Lehman, Joel and Stanley, Kenneth O. and Clune, Jeff},
    url = {http://arxiv.org/abs/1712.06567},
    arxivId = {1712.06567}
}

@inproceedings{Liu2019,
    title = {{Deep reinforcement active learning for human-in-the-loop person re-identification}},
    year = {2019},
    booktitle = {Proceedings of the IEEE International Conference on Computer Vision},
    author = {Liu, Zimo and Wang, Jingya and Gong, Shaogang and Tao, Dacheng and Lu, Huchuan},
    month = {10},
    pages = {6121--6130},
    volume = {2019-Octob},
    publisher = {IEEE},
    url = {https://ieeexplore.ieee.org/document/9010038/},
    isbn = {9781728148038},
    doi = {10.1109/ICCV.2019.00622},
    issn = {15505499}
}

@inproceedings{He2016,
    title = {{Deep Residual Learning for Image Recognition}},
    year = {2016},
    booktitle = {2016 IEEE Conference on Computer Vision and Pattern Recognition (CVPR)},
    author = {He, Kaiming and Zhang, Xiangyu and Ren, Shaoqing and Sun, Jian},
    number = {50},
    month = {6},
    pages = {770--778},
    volume = {37},
    publisher = {IEEE},
    url = {http://ieeexplore.ieee.org/document/7780459/},
    isbn = {978-1-4673-8851-1},
    doi = {10.1109/CVPR.2016.90},
    issn = {09317597},
    keywords = {1-hydroxycarbazole-2-carbaldehydes, 2-acetylfuro carbazoles, Benzo carbazoles, Phenyl oxopyranocarbazoles, o-aminothiophenol}
}

@article{He2016a,
    title = {{Deep Residual Learning for Image Recognition}},
    year = {2015},
    journal = {Proceedings of the IEEE Computer Society Conference on Computer Vision and Pattern Recognition},
    author = {He, Kaiming and Zhang, Xiangyu and Ren, Shaoqing and Sun, Jian},
    month = {12},
    pages = {770--778},
    volume = {2016-Decem},
    url = {http://arxiv.org/abs/1512.03385},
    isbn = {9781467388504},
    doi = {10.1109/CVPR.2016.90},
    issn = {10636919},
    arxivId = {1512.03385}
}

@article{Sun2021,
    title = {{Deep RGB-D Saliency Detection with Depth-Sensitive Attention and Automatic Multi-Modal Fusion}},
    year = {2021},
    author = {Sun, Peng and Zhang, Wenhu and Wang, Huanyu and Li, Songyuan and Li, Xi},
    month = {3},
    pages = {1407--1417},
    url = {http://arxiv.org/abs/2103.11832},
    arxivId = {2103.11832}
}

@article{Hassabis2021,
    title = {{DeepMind: From Games to Scientific Discovery}},
    year = {2021},
    journal = {Research-Technology Management},
    author = {Hassabis, Demis},
    number = {6},
    month = {11},
    pages = {18--23},
    volume = {64},
    url = {https://www.tandfonline.com/doi/full/10.1080/08956308.2021.1972390},
    doi = {10.1080/08956308.2021.1972390},
    issn = {0895-6308}
}

@article{He2015a,
    title = {{Delving Deep into Rectifiers: Surpassing Human-Level Performance on ImageNet Classification}},
    year = {2015},
    journal = {Proceedings of the IEEE International Conference on Computer Vision},
    author = {He, Kaiming and Zhang, Xiangyu and Ren, Shaoqing and Sun, Jian},
    month = {2},
    pages = {1026--1034},
    url = {http://arxiv.org/abs/1502.01852},
    isbn = {9781467383912},
    issn = {15505499},
    pmid = {21525990},
    arxivId = {1502.01852}
}

@article{Poma2021,
    title = {{Dense Extreme Inception Network for Edge Detection}},
    year = {2021},
    author = {Poma, Xavier Soria and Sappa, Angel and Humanante, Patricio and Arbarinia, Arash},
    pages = {0--3},
    volume = {2439},
    url = {http://arxiv.org/abs/2112.02250},
    isbn = {0000000329972},
    arxivId = {2112.02250}
}

@article{Huang2017,
    title = {{Densely connected convolutional networks}},
    year = {2017},
    journal = {Proceedings - 30th IEEE Conference on Computer Vision and Pattern Recognition, CVPR 2017},
    author = {Huang, Gao and Liu, Zhuang and Van Der Maaten, Laurens and Weinberger, Kilian Q.},
    pages = {2261--2269},
    volume = {2017-Janua},
    isbn = {9781538604571},
    doi = {10.1109/CVPR.2017.243},
    arxivId = {1608.06993}
}

@article{Berezhnoy2004,
    title = {{Digital analysis of Van Gogh’s complementary colours}},
    year = {2004},
    journal = {Analysis},
    author = {Berezhnoy, Igor and Postma, Eric and Herik, D.},
    number = {January},
    pages = {163–170},
    url = {http://proceedings.eldoc.ub.rug.nl/FILES/HOME/bnaic/2004/pt1/digital/022digital.pdf}
}

@article{Goel2014,
    title = {{Discrete Wavelet Transform ( DWT ) with Two Channel Filter Bank and Decoding in Image Texture Analysis}},
    year = {2014},
    author = {Goel, Akash},
    number = {4},
    pages = {391--397},
    volume = {3},
    url = {https://www.semanticscholar.org/paper/Discrete-Wavelet-Transform-(DWT)-with-Two-Channel-Goel/ada80b69f499f0310294aac1b569f59adb1d1ba7},
    keywords = {Digital Image Pr, Discrete Wavelet Transform (DWT), digital image processing, dip, discrete wavelet transform, dwt, texture analysis}
}

@article{Li2020,
    title = {{Disentangled Representation Learning of Makeup Portraits in the Wild}},
    year = {2020},
    journal = {International Journal of Computer Vision},
    author = {Li, Yi and Huang, Huaibo and Cao, Jie and He, Ran and Tan, Tieniu},
    number = {8-9},
    month = {9},
    pages = {2166--2184},
    volume = {128},
    url = {http://link.springer.com/10.1007/s11263-019-01267-0},
    doi = {10.1007/s11263-019-01267-0},
    issn = {0920-5691},
    keywords = {Correspondence field, Disentangled feature, Face verification, Makeup transfer}
}

@article{Cui2019,
    title = {{Distribution-Oriented Aesthetics Assessment With Semantic-Aware Hybrid Network}},
    year = {2019},
    journal = {IEEE Transactions on Multimedia},
    author = {Cui, Chaoran and Liu, Huihui and Lian, Tao and Nie, Liqiang and Zhu, Lei and Yin, Yilong},
    number = {5},
    month = {5},
    pages = {1209--1220},
    volume = {21},
    publisher = {IEEE},
    url = {https://ieeexplore.ieee.org/document/8488545/},
    doi = {10.1109/TMM.2018.2875357},
    issn = {1520-9210},
    keywords = {Image aesthetics assessment, fully convolutional networks, label distribution learning, semantic fusion}
}

@misc{TheGorillaGirls1989,
    title = {{Do Women Have To Be Naked To Get Into the Met. Museum?}},
    year = {1989},
    booktitle = {Screenprint on paper, Image: 280 × 710 mm},
    author = {{The Gorilla Girls}},
    pages = {Tate},
    url = {https://www.tate.org.uk/art/artworks/guerrilla-girls-do-women-have-to-be-naked-to-get-into-the-met-museum-p78793},
    address = {London}
}

@article{xiao2021early,
    title = {{Early Convolutions Help Transformers See Better}},
    year = {2021},
    author = {Xiao, Tete and Singh, Mannat and Mintun, Eric and Darrell, Trevor and Doll{\'{a}}r, Piotr and Girshick, Ross},
    month = {6},
    pages = {1--15},
    url = {http://arxiv.org/abs/2106.14881},
    arxivId = {2106.14881}
}

@article{Chung2014,
    title = {{Effect of facial makeup style recommendation on visual sensibility}},
    year = {2014},
    journal = {Multimedia Tools and Applications},
    author = {Chung, Kyung-Yong},
    number = {2},
    month = {7},
    pages = {843--853},
    volume = {71},
    url = {http://link.springer.com/10.1007/s11042-013-1355-6},
    isbn = {1104201313},
    doi = {10.1007/s11042-013-1355-6},
    issn = {1380-7501},
    keywords = {Collaborative filtering, Cosmetic, Makeup styles, Sensibility}
}

@inproceedings{Hosu2019,
    title = {{Effective aesthetics prediction with multi-level spatially pooled features}},
    year = {2019},
    booktitle = {Proceedings of the IEEE Computer Society Conference on Computer Vision and Pattern Recognition},
    author = {Hosu, Vlad and Goldlucke, Bastian and Saupe, Dietmar},
    month = {6},
    pages = {9367--9375},
    volume = {2019-June},
    publisher = {IEEE},
    url = {https://ieeexplore.ieee.org/document/8953497/},
    isbn = {9781728132938},
    doi = {10.1109/CVPR.2019.00960},
    issn = {10636919},
    arxivId = {1904.01382},
    keywords = {Categorization, Deep Learning, Others, Recognition: Detection, Retrieval}
}

@article{Mullennix2020,
    title = {{Effects of Preceding Context on Aesthetic Preference}},
    year = {2020},
    journal = {Empirical Studies of the Arts},
    author = {Mullennix, John W. and Kristo, Grant M. and Robinet, Julien},
    number = {2},
    pages = {149--171},
    volume = {38},
    doi = {10.1177/0276237418805687},
    issn = {15414493},
    keywords = {aesthetics, art appreciation, context effects, photographs}
}

@article{Xiao2020,
    title = {{Efficient Hyperparameter Optimization in Deep Learning Using a Variable Length Genetic Algorithm}},
    year = {2020},
    author = {Xiao, Xueli and Yan, Ming and Basodi, Sunitha and Ji, Chunyan and Pan, Yi},
    month = {6},
    url = {http://arxiv.org/abs/2006.12703},
    arxivId = {2006.12703}
}

@article{Tay2020,
    title = {{Efficient Transformers: A Survey}},
    year = {2020},
    author = {Tay, Yi and Dehghani, Mostafa and Bahri, Dara and Metzler, Donald},
    number = {August 2020},
    month = {9},
    pages = {1--28},
    url = {http://arxiv.org/abs/2009.06732},
    arxivId = {2009.06732},
    keywords = {atten-, deep learning, natural language processing, transformer models}
}

@misc{Butler2012,
    title = {{Elements of Design}},
    year = {2012},
    author = {Butler, Patrick},
    pages = {1},
    url = {http://splitcomplementary.blogspot.com/2012/08/new-and-improved-elements-and.html}
}

@article{Bawa2019,
    title = {{Emotional sentiment analysis for a group of people based on transfer learning with a multi-modal system}},
    year = {2019},
    journal = {Neural Computing and Applications},
    author = {Bawa, Vivek Singh and Kumar, Vinay},
    number = {12},
    month = {12},
    pages = {9061--9072},
    volume = {31},
    publisher = {Springer London},
    url = {https://doi.org/10.1007/s00521-018-3867-5 http://link.springer.com/10.1007/s00521-018-3867-5},
    isbn = {0123456789},
    doi = {10.1007/s00521-018-3867-5},
    issn = {14333058},
    keywords = {Convolutional neural networks, Facial expression analysis, Group emotion analysis, Image-based sentiment analysis, Long short-term memory}
}

@article{Xue2021,
    title = {{End-to-end Chinese landscape painting creation using generative adversarial networks}},
    year = {2021},
    journal = {Proceedings - 2021 IEEE Winter Conference on Applications of Computer Vision, WACV 2021},
    author = {Xue, Alice},
    pages = {3862--3870},
    isbn = {9780738142661},
    doi = {10.1109/WACV48630.2021.00391},
    arxivId = {2011.05552}
}

@article{Chen2016,
    title = {{Engineering Deep Representations for Modeling Aesthetic Perception.}},
    year = {2018},
    journal = {IEEE transactions on cybernetics},
    author = {Chen, Yanxiang and Hu, Yuxing and Zhang, Luming and Li, Ping and Zhang, Chao},
    number = {11},
    month = {11},
    pages = {3092--3104},
    volume = {48},
    url = {http://arxiv.org/abs/1605.07699 https://ieeexplore.ieee.org/document/8183427/ http://www.ncbi.nlm.nih.gov/pubmed/29990231},
    doi = {10.1109/TCYB.2017.2758350},
    issn = {2168-2275},
    pmid = {29990231},
    arxivId = {1605.07699},
    keywords = {Attributes, Flickr, convolutional neural network (CNN), deep architecture, machine learning}
}

@article{Pogacnik2012,
    title = {{Evaluating photo aesthetics using machine learning}},
    year = {2012},
    journal = {Data Mining and Data Warehouses},
    author = {Poga{\v{c}}nik, D and Ravnik, Robert and Bovcon, Narvika and Solina, Franc},
    pages = {4--7},
    url = {http://eprints.fri.uni-lj.si/2510/}
}

@article{Yang2021,
    title = {{Evolution of entropy in art painting based on the wavelet transform}},
    year = {2021},
    journal = {Entropy},
    author = {Yang, Hongyi and Yang, Han},
    number = {7},
    volume = {23},
    doi = {10.3390/e23070883},
    issn = {10994300},
    keywords = {Art history, Entropy, Information theory, Machine learning, Paintings, Wavelet transform}
}

@article{Zhao2014,
    title = {{Exploring principles-of-art features for image emotion recognition}},
    year = {2014},
    journal = {MM 2014 - Proceedings of the 2014 ACM Conference on Multimedia},
    author = {Zhao, Sicheng and Gao, Yue and Jiang, Xiaolei and Yao, Hongxun and Chua, Tat Seng and Sun, Xiaoshuai},
    pages = {47--56},
    isbn = {9781450330633},
    doi = {10.1145/2647868.2654930},
    keywords = {Affective image classification, Art theory, Image emotion, Image features, Principles of art}
}

@inproceedings{Younes2016,
    title = {{Eye tracking for understanding aesthetic of ambiguity}},
    year = {2016},
    booktitle = {Proceedings of the 2016 Virtual Reality International Conference},
    author = {Younes, Elhem and Bardakos, John and Lioret, Alain},
    month = {3},
    pages = {1--2},
    publisher = {ACM},
    url = {https://dl.acm.org/doi/10.1145/2927929.2927960},
    address = {New York, NY, USA},
    isbn = {9781450341806},
    doi = {10.1145/2927929.2927960},
    keywords = {Aesthetic, Ambiguity, Eye tracking, Neurology, Perception}
}

@incollection{Mpiperis2008,
    title = {{Face and Facial Expression Recognition using Three Dimensional Data}},
    year = {2008},
    booktitle = {Encyclopedia of Multimedia},
    author = {Mpiperis, Iordanis and Malassiotis, Sotiris and Strintzis, Michael G.},
    pages = {221--228},
    publisher = {Springer US},
    url = {http://link.springer.com/10.1007/978-0-387-78414-4_21},
    address = {Boston, MA},
    doi = {10.1007/978-0-387-78414-4{\_}21}
}

@article{Eisenthal2006a,
    title = {{Facial attractiveness: Beauty and the machine}},
    year = {2006},
    journal = {Neural Computation},
    author = {Eisenthal, Yael and Dror, Gideon and Ruppin, Eytan},
    number = {1},
    month = {1},
    pages = {119--142},
    volume = {18},
    url = {https://direct.mit.edu/neco/article/18/1/119-142/7019},
    doi = {10.1162/089976606774841602},
    issn = {08997667},
    pmid = {16354383}
}

@article{Mehendale2020,
    title = {{Facial emotion recognition using convolutional neural networks (FERC)}},
    year = {2020},
    journal = {SN Applied Sciences},
    author = {Mehendale, Ninad},
    number = {3},
    pages = {1--8},
    volume = {2},
    publisher = {Springer International Publishing},
    url = {https://doi.org/10.1007/s42452-020-2234-1},
    isbn = {0123456789},
    doi = {10.1007/s42452-020-2234-1},
    issn = {25233971},
    keywords = {CNN, Emotion recognition, Facial expression}
}

@inproceedings{Jia2020,
    title = {{Feature Comparison Based Channel Attention For Fine-Grained Visual Classification}},
    year = {2020},
    booktitle = {2020 IEEE International Conference on Image Processing (ICIP)},
    author = {Jia, Shukun and Bai, Yan and Zhang, Jing},
    month = {10},
    pages = {1776--1780},
    publisher = {IEEE},
    url = {https://ieeexplore.ieee.org/document/9191229/},
    isbn = {978-1-7281-6395-6},
    doi = {10.1109/ICIP40778.2020.9191229}
}

@book{Starr2014,
    title = {{Feeling Beauty}},
    year = {2014},
    booktitle = {Feeling Beauty},
    author = {Starr, G. Gabrielle},
    isbn = {9780262019316},
    doi = {10.7551/mitpress/9780262019316.001.0001}
}

@article{Liu2020,
    title = {{Fine-grained action recognition by motion saliency and mid-level patches}},
    year = {2020},
    journal = {Applied Sciences (Switzerland)},
    author = {Liu, Fang and Zhao, Liang and Cheng, Xiaochun and Dai, Qin and Shi, Xiangbin and Qiao, Jianzhong},
    number = {8},
    month = {4},
    pages = {2811},
    volume = {10},
    url = {https://www.mdpi.com/2076-3417/10/8/2811},
    doi = {10.3390/APP10082811},
    issn = {20763417},
    keywords = {Fine-grained action recognition, Mid-level patch, Motion saliency, Object proposal}
}

@inproceedings{Perronnin2007,
    title = {{Fisher Kernels on Visual Vocabularies for Image Categorization}},
    year = {2007},
    booktitle = {2007 IEEE Conference on Computer Vision and Pattern Recognition},
    author = {Perronnin, Florent and Dance, Christopher},
    month = {6},
    pages = {1--8},
    volume = {2019-Octob},
    publisher = {IEEE},
    url = {http://ieeexplore.ieee.org/document/4270291/},
    isbn = {1-4244-1179-3},
    doi = {10.1109/CVPR.2007.383266},
    issn = {10636919},
    keywords = {L2 regularizer, Sports player, human activity recognition, sensor-data, stacked LSTM}
}

@article{Lin2020,
    title = {{Focal Loss for Dense Object Detection.}},
    year = {2020},
    journal = {IEEE transactions on pattern analysis and machine intelligence},
    author = {Lin, Tsung-Yi and Goyal, Priya and Girshick, Ross and He, Kaiming and Dollar, Piotr},
    number = {2},
    month = {2},
    pages = {318--327},
    volume = {42},
    url = {https://ieeexplore.ieee.org/document/8417976/ http://www.ncbi.nlm.nih.gov/pubmed/30040631},
    doi = {10.1109/TPAMI.2018.2858826},
    issn = {1939-3539},
    pmid = {30040631},
    arxivId = {1708.02002},
    keywords = {Computer vision, convolutional neural networks, machine learning, object detection}
}

@article{Shelhamer2017,
    title = {{Fully Convolutional Networks for Semantic Segmentation}},
    year = {2017},
    journal = {IEEE Transactions on Pattern Analysis and Machine Intelligence},
    author = {Shelhamer, Evan and Long, Jonathan and Darrell, Trevor},
    number = {4},
    month = {11},
    pages = {640--651},
    volume = {39},
    url = {http://ieeexplore.ieee.org/document/7478072/ http://arxiv.org/abs/1411.4038 http://www.ncbi.nlm.nih.gov/pubmed/27244717},
    doi = {10.1109/TPAMI.2016.2572683},
    issn = {01628828},
    pmid = {27244717},
    arxivId = {1411.4038},
    keywords = {Convolutional Networks, Deep Learning, Semantic Segmentation, Transfer Learning}
}

@book{Eysenck2012,
    title = {{Fundamentals of cognition, 2nd ed.}},
    year = {2012},
    booktitle = {Fundamentals of cognition, 2nd ed.},
    author = {Eysenck, Michael W},
    pages = {xi, 489-xi, 489},
    publisher = {Psychology Press},
    address = {New York,  NY,  US},
    isbn = {978-1-84872-071-8 (Paperback); 978-1-84872-070-1 (Hardcover)},
    keywords = {*Cognition, *Cognitive Neuroscience, *Cognitive Processes, *Cognitive Psychology, Attention, Language, Learning, Memory, Perception}
}

@book{Eysenk2012,
    title = {{Fundamentals of cognition, 2nd ed.}},
    year = {2012},
    booktitle = {Fundamentals of cognition, 2nd ed.},
    author = {Eysenck, Michael W},
    pages = {xi, 489-xi, 489},
    publisher = {Psychology Press},
    address = {New York, NY, US},
    isbn = {978-1-84872-071-8 (Paperback); 978-1-84872-070-1 (Hardcover)},
    keywords = {*Cognition, *Cognitive Neuroscience, *Cognitive Processes, *Cognitive Psychology, Attention, Language, Learning, Memory, Perception}
}

@article{Zhang2014,
    title = {{Fusion of multichannel local and global structural cues for photo aesthetics evaluation}},
    year = {2014},
    journal = {IEEE Transactions on Image Processing},
    author = {Zhang, Luming and Gao, Yue and Zimmermann, Roger and Tian, Qi and Li, Xuelong},
    number = {3},
    pages = {1419--1429},
    volume = {23},
    doi = {10.1109/TIP.2014.2303650},
    issn = {10577149},
    pmid = {24723537},
    keywords = {Multi-channel, aesthetic evaluation, probabilistic model, structural cues}
}

@article{Hendrycks2016a,
    title = {{Gaussian Error Linear Units (GELUs)}},
    year = {2016},
    author = {Hendrycks, Dan and Gimpel, Kevin},
    pages = {1--9},
    url = {http://arxiv.org/abs/1606.08415},
    arxivId = {1606.08415}
}

@article{Goodfellow2020,
    title = {{Generative Adversarial Networks}},
    year = {2014},
    journal = {Communications of the ACM},
    author = {Goodfellow, Ian J. and Pouget-Abadie, Jean and Mirza, Mehdi and Xu, Bing and Warde-Farley, David and Ozair, Sherjil and Courville, Aaron and Bengio, Yoshua},
    number = {11},
    month = {6},
    pages = {139--144},
    volume = {63},
    url = {http://arxiv.org/abs/1406.2661},
    doi = {10.1145/3422622},
    issn = {15577317},
    arxivId = {1406.2661}
}

@article{Fernando2021,
    title = {{Generative Art Using Neural Visual Grammars and Dual Encoders}},
    year = {2021},
    author = {Fernando, Chrisantha and Eslami, S M Ali and Alayrac, Jean-baptiste and Mirowski, Piotr and Banarse, Dylan and Osindero, Simon},
    month = {5},
    pages = {1--27},
    url = {http://arxiv.org/abs/2105.00162},
    arxivId = {2105.00162}
}

@article{Lee2021a,
    title = {{Genetic algorithm based deep learning neural network structure and hyperparameter optimization}},
    year = {2021},
    journal = {Applied Sciences},
    author = {Lee, Sanghyeop and Kim, Junyeob and Kang, Hyeon and Kang, Do-Young Young and Park, Jangsik},
    number = {2},
    month = {1},
    pages = {744},
    volume = {11},
    url = {https://www.mdpi.com/2076-3417/11/2/744},
    doi = {10.3390/app11020744},
    issn = {20763417},
    keywords = {Alzheimer’s disease, Classification, Convolutional neural network, Deep learning, Genetic algorithm, Model optimisation}
}

@article{Friedenberg2018,
    title = {{Geometric Regularity, Symmetry and the Perceived Beauty of Simple Shapes}},
    year = {2018},
    journal = {Empirical Studies of the Arts},
    author = {Friedenberg, Jay},
    number = {1},
    pages = {71--89},
    volume = {36},
    doi = {10.1177/0276237417695454},
    issn = {15414493},
    keywords = {area, geometric regularity, polygons, quadrilaterals, symmetry, triangles}
}

@article{Szegedy2015,
    title = {{Going deeper with convolutions}},
    year = {2015},
    journal = {Proceedings of the IEEE Computer Society Conference on Computer Vision and Pattern Recognition},
    author = {Szegedy, Christian and Liu, Wei and Jia, Yangqing and Sermanet, Pierre and Reed, Scott and Anguelov, Dragomir and Erhan, Dumitru and Vanhoucke, Vincent and Rabinovich, Andrew},
    pages = {1--9},
    volume = {07-12-June},
    isbn = {9781467369640},
    doi = {10.1109/CVPR.2015.7298594},
    issn = {10636919},
    arxivId = {1409.4842}
}

@article{Touvron2021a,
    title = {{Going deeper with Image Transformers}},
    year = {2021},
    author = {Touvron, Hugo and Cord, Matthieu and Sablayrolles, Alexandre and Synnaeve, Gabriel and J{\'{e}}gou, Hervé},
    url = {http://arxiv.org/abs/2103.17239},
    arxivId = {2103.17239}
}

@article{LeCun1998,
    title = {{Gradient-based learning applied to document recognition}},
    year = {1998},
    journal = {Proceedings of the IEEE},
    author = {Lecun, Y. and Bottou, Léon and Bengio, Yoshua and Haffner, Patrick},
    number = {11},
    pages = {2278--2324},
    volume = {86},
    url = {http://ieeexplore.ieee.org/document/726791/},
    doi = {10.1109/5.726791},
    issn = {00189219},
    keywords = {Convolutional neural networks, Document recognition, Finite state transducers, Gradient-based learning, Graph transformer networks, Machine learning, Neural networks, Optical character recognition (OCR)}
}

@article{Kao2016,
    title = {{Hierarchical aesthetic quality assessment using deep convolutional neural networks}},
    year = {2016},
    journal = {Signal Processing: Image Communication},
    author = {Kao, Yueying and Huang, Kaiqi and Maybank, Steve},
    month = {9},
    pages = {500--510},
    volume = {47},
    publisher = {Elsevier},
    url = {http://dx.doi.org/10.1016/j.image.2016.05.004 https://linkinghub.elsevier.com/retrieve/pii/S0923596516300613},
    doi = {10.1016/j.image.2016.05.004},
    issn = {09235965},
    keywords = {Aesthetic image analysis, Convolutional neural networks, Object, Scene, Texture}
}

@article{She_2021_CVPR,
    title = {{Hierarchical Layout-Aware Graph Convolutional Network for Unified Aesthetics Assessment}},
    year = {2021},
    journal = {CVPR},
    author = {She, Dongyu and Lai, Yu-kun and Yi, Gaoxiong and Xu, Kun},
    pages = {8475--8484}
}

@inproceedings{Dhar2011,
    title = {{High level describable attributes for predicting aesthetics and interestingness}},
    year = {2011},
    booktitle = {Proceedings of the IEEE Computer Society Conference on Computer Vision and Pattern Recognition},
    author = {Dhar, Sagnik and Ordonez, Vicente and Berg, Tamara L},
    month = {6},
    pages = {1657--1664},
    publisher = {IEEE},
    url = {http://ieeexplore.ieee.org/document/5995467/},
    isbn = {9781457703942},
    doi = {10.1109/CVPR.2011.5995467},
    issn = {10636919}
}

@article{Rieser1972,
    title = {{History of Aesthetics. I: Ancient Aesthetics. II: Medieval Aesthetics}},
    year = {1972},
    journal = {The Journal of Aesthetics and Art Criticism},
    author = {Rieser, Max and Tatarkiewicz, Wladyslaw},
    number = {1},
    month = {9},
    pages = {129},
    volume = {31},
    url = {https://doi.org/10.2307/429623},
    doi = {10.2307/429623},
    issn = {00218529}
}

@article{Plate1982a,
    title = {{Holographic Reduced Representations: Convolutional for Compositional Distributed Representations}},
    year = {1982},
    journal = {Science},
    author = {Plate, Tony},
    number = {3},
    month = {5},
    pages = {30--35},
    volume = {6},
    url = {https://www.ijcai.org/Proceedings/91-1/Papers/006.pdf https://www.semanticscholar.org/paper/Holographic-Reduced-Representations%3A-Convolution-Plate/a7a9eeb64ec4511ed1415baa4716da15e2897641 http://ieeexplore.ieee.org/document/377968/},
    issn = {10459227}
}

@article{Green2012,
    title = {{How to find refutations of the golden section without really trying}},
    year = {2012},
    journal = {Empirical Studies of the Arts},
    author = {Green, Christopher},
    number = {1},
    pages = {115--122},
    volume = {30},
    doi = {10.2190/EM.30.1.h},
    issn = {02762374}
}

@article{Bar2006,
    title = {{Humans prefer curved visual objects}},
    year = {2006},
    journal = {Psychological Science},
    author = {Bar, Moshe and Neta, Maital},
    number = {8},
    pages = {645--648},
    volume = {17},
    doi = {10.1111/j.1467-9280.2006.01759.x},
    issn = {09567976},
    pmid = {16913943}
}

@article{Verma2020,
    title = {{Hybrid-Deep Learning Model for Emotion Recognition Using Facial Expressions}},
    year = {2020},
    journal = {The Review of Socionetwork Strategies},
    author = {Verma, Garima and Verma, Hemraj},
    number = {2},
    month = {10},
    pages = {171--180},
    volume = {14},
    publisher = {Springer Japan},
    url = {https://doi.org/10.1007/s12626-020-00061-6 https://link.springer.com/10.1007/s12626-020-00061-6},
    isbn = {0123456789},
    doi = {10.1007/s12626-020-00061-6},
    issn = {2523-3173},
    keywords = {Convolutio, Deep learning, Emotion, Facial expression, convolution neural, deep learning, emotion, facial expression}
}

@article{Jin2020,
    title = {{IDEA: A new dataset for image aesthetic scoring}},
    year = {2020},
    journal = {Multimedia Tools and Applications},
    author = {Jin, Xin and Wu, Le and Zhao, Geng and Zhou, Xinghui and Zhang, Xiaokun and Li, Xiaodong},
    number = {21-22},
    month = {6},
    pages = {14341--14355},
    volume = {79},
    url = {http://link.springer.com/10.1007/s11042-018-6436-0},
    doi = {10.1007/s11042-018-6436-0},
    issn = {1380-7501},
    keywords = {Aesthetic assessment, Computer vision, Neural network}
}

@misc{idealo2021,
    title = {{Idealo Hotels}},
    year = {2021},
    booktitle = {Comercial Webpage},
    author = {{Idealo}},
    url = {https://hotel.idealo.de/}
}

@inproceedings{Chen2020,
    title = {{iGPT}},
    year = {2020},
    booktitle = {37th International Conference on Machine Learning, ICML 2020},
    author = {Chen, Mark and Radford, Alec and Child, Rewon and Wu, Jeff and Jun, Heewoo and Luan, David and Sutskever, Ilya},
    pages = {1669--1681},
    volume = {PartF16814},
    publisher = {PMLR},
    url = {https://proceedings.mlr.press/v119/chen20s.html http://proceedings.mlr.press/v119/chen20s/chen20s.pdf},
    isbn = {9781713821120}
}

@incollection{Al-Osaimi2006,
    title = {{Illumination Normalization for Color Face Images}},
    year = {2006},
    booktitle = {Lecture Notes in Computer Science (including subseries Lecture Notes in Artificial Intelligence and Lecture Notes in Bioinformatics)},
    author = {Al-Osaimi, Faisal R. and Bennamoun, Mohammed and Mian, Ajmal},
    number = {2},
    pages = {90--101},
    volume = {4291 LNCS},
    url = {http://link.springer.com/10.1007/11919476_10},
    isbn = {3540486283},
    doi = {10.1007/11919476{\_}10},
    issn = {16113349}
}

@article{Le2020,
    title = {{Image Aesthetic Assessment Based on Image Classification and Region Segmentation}},
    year = {2020},
    journal = {Journal of Imaging},
    author = {Le, Quyet-tien and Ladret, Patricia and Nguyen, Huu-tuan and Caplier, Alice},
    number = {1},
    month = {12},
    pages = {3},
    volume = {7},
    url = {https://www.mdpi.com/2313-433X/7/1/3},
    doi = {10.3390/jimaging7010003},
    issn = {2313-433X},
    keywords = {-t, a, caplie, citation, close-up image, color saliency map, exif, field image, h, handcrafted features, image, image aesthetic assessment, image classification, ladret, large, le, learned features, nguyen, p, q, region of interest, sharpness map}
}

@article{Deng2017,
    title = {{Image Aesthetic Assessment: An experimental survey}},
    year = {2017},
    journal = {IEEE Signal Processing Magazine},
    author = {Deng, Yubin and Loy, Chen Change and Tang, Xiaoou},
    number = {4},
    month = {7},
    pages = {80--106},
    volume = {34},
    publisher = {IEEE},
    url = {https://ieeexplore.ieee.org/document/7974874/},
    doi = {10.1109/MSP.2017.2696576},
    issn = {1053-5888},
    arxivId = {1610.00838}
}

@phdthesis{Kang2020,
    title = {{Image Aesthetic Quality Assessment Based on Deep Neural Networks To cite this version : HAL Id : tel-03159861}},
    year = {2020},
    author = {Kang, Chen},
    url = {https://tel.archives-ouvertes.fr/tel-03159861v1 https://tel.archives-ouvertes.fr/tel-03159861/document},
    school = {Universit{\'{e}} Paris-Saclay},
    keywords = {Aesthetics, Image/video processing, Machine learning, Neural network, Visual quality assessment}
}

@inproceedings{Simond2015,
    title = {{Image aesthetics depends on context}},
    year = {2015},
    booktitle = {Proceedings - International Conference on Image Processing, ICIP},
    author = {Simond, Florian and Arvanitopoulos, Nikolaos and S{\"{u}}sstrunk, Sabine},
    number = {1},
    month = {9},
    pages = {3788--3792},
    volume = {2015-Decem},
    publisher = {IEEE},
    url = {http://ieeexplore.ieee.org/document/7351513/},
    isbn = {9781479983391},
    doi = {10.1109/ICIP.2015.7351513},
    issn = {15224880},
    keywords = {aesthetic quality, classification, feature extraction}
}

@book{Hutchison2013,
    title = {{Image Analysis and Processing – ICIAP 2013}},
    year = {2013},
    author = {Hutchison, David},
    editor = {Petrosino, Alfredo},
    number = {September},
    series = {Lecture Notes in Computer Science},
    volume = {8156},
    publisher = {Springer Berlin Heidelberg},
    url = {http://link.springer.com/10.1007/978-3-642-41181-6},
    address = {Berlin, Heidelberg},
    isbn = {978-3-642-41180-9},
    doi = {10.1007/978-3-642-41181-6}
}

@book{Friis2018,
    title = {{Image and Signal Processing}},
    year = {2018},
    booktitle = {Image and Imitation},
    author = {Friis, Martin},
    editor = {Mansouri, Alamin and El Moataz, Abderrahim and Nouboud, Fathallah and Mammass, Driss},
    series = {Lecture Notes in Computer Science},
    volume = {10884},
    publisher = {Springer International Publishing},
    url = {http://link.springer.com/10.1007/978-3-319-94211-7},
    address = {Cham},
    isbn = {978-3-319-94210-0},
    doi = {10.1007/978-3-319-94211-7}
}

@article{Yee2021a,
    title = {{Image Cropping on Twitter: Fairness Metrics, their Limitations, and the Importance of Representation, Design, and Agency}},
    year = {2021},
    journal = {ACM Conference},
    author = {Yee, Kyra and Tantipongpipat, Uthaipon and Mishra, Shubhanshu},
    number = {1},
    month = {5},
    pages = {1--23},
    volume = {1},
    publisher = {Association for Computing Machinery},
    url = {http://arxiv.org/abs/2105.08667 http://dx.doi.org/10.1145/3479594},
    isbn = {1307115534383},
    doi = {10.1145/3479594},
    arxivId = {2105.08667},
    keywords = {demographic parity, ethical HCI, fairness in machine learning, image cropping, representational harm}
}

@article{Ponomarenko2015,
    title = {{Image database TID2013: Peculiarities, results and perspectives}},
    year = {2015},
    journal = {Signal Processing: Image Communication},
    author = {Ponomarenko, Nikolay and Jin, Lina and Ieremeiev, Oleg and Lukin, Vladimir and Egiazarian, Karen and Astola, Jaakko and Vozel, Benoit and Chehdi, Kacem and Carli, Marco and Battisti, Federica and Jay Kuo, C. C.},
    pages = {57--77},
    volume = {30},
    publisher = {Elsevier},
    url = {http://dx.doi.org/10.1016/j.image.2014.10.009},
    doi = {10.1016/j.image.2014.10.009},
    issn = {09235965},
    keywords = {Image denoising, Image lossy compression, Image visual quality metrics}
}

@article{Barni2005,
    title = {{Image processing for the analysis and conservation of paintings: Opportunities and challenges}},
    year = {2005},
    journal = {IEEE Signal Processing Magazine},
    author = {Barni, Mauro and Pelagotti, Anna and Piva, Alessandro},
    number = {5},
    pages = {141--144},
    volume = {22},
    publisher = {IEEE},
    doi = {10.1109/MSP.2005.1511835},
    issn = {10535888}
}

@incollection{Seshadrinathan2009,
    title = {{Image Quality Assessment}},
    year = {2009},
    booktitle = {The Essential Guide to Image Processing},
    author = {Seshadrinathan, Kalpana and Pappas, Thrasyvoulos N. and Safranek, Robert J. and Chen, Junqing and Wang, Zhou and Sheikh, Hamid R. and Bovik, Alan C.},
    number = {November 2017},
    pages = {553--595},
    publisher = {Elsevier},
    url = {https://linkinghub.elsevier.com/retrieve/pii/B9780123744579000214},
    isbn = {9780123744579},
    doi = {10.1016/B978-0-12-374457-9.00021-4}
}

@article{Gu2020,
    title = {{Image Quality Assessment for Perceptual Image Restoration: A New Dataset, Benchmark and Metric}},
    year = {2020},
    author = {Gu, Jinjin and Cai, Haoming and Chen, Haoyu and Ye, Xiaoxing and Ren, Jimmy and Dong, Chao},
    url = {http://arxiv.org/abs/2011.15002},
    arxivId = {2011.15002},
    keywords = {generative adversarial network, image quality assessment, image restoration, information engineering, perceptual, perceptual image, restoration, school of electrical and, super-resolution, the uni-}
}

@article{Wang2004,
    title = {{Image Quality Assessment: From Error Visibility to Structural Similarity}},
    year = {2004},
    journal = {IEEE Transactions on Image Processing},
    author = {Wang, Zhou and Bovik, A.C. and Sheikh, H.R. and Simoncelli, E.P.},
    number = {4},
    month = {4},
    pages = {600--612},
    volume = {13},
    url = {http://ieeexplore.ieee.org/document/1284395/ https://ieeexplore.ieee.org/stamp/stamp.jsp?tp=&arnumber=1284395},
    doi = {10.1109/TIP.2003.819861},
    issn = {1057-7149},
    pmid = {15376593},
    keywords = {Error sensitivity, Human visual system (HVS), Image coding, Image quality assessment, JPEG, JPEG2000, Perceptual quality, Structural information, Structural similarity (SSIM)}
}

@article{Krizhevsky2017a,
    title = {{ImageNet classification with deep convolutional neural networks}},
    year = {2017},
    journal = {Communications of the ACM},
    author = {Krizhevsky, Alex and Sutskever, Ilya and Hinton, Geoffrey E.},
    number = {6},
    month = {5},
    pages = {84--90},
    volume = {60},
    publisher = {ACM},
    url = {https://dl.acm.org/doi/10.1145/3065386},
    address = {New York, NY, USA},
    isbn = {9781450376426},
    doi = {10.1145/3065386},
    issn = {0001-0782},
    keywords = {CNNs, VGG, cats, visualization}
}

@article{Ridnik2021,
    title = {{ImageNet-21K Pretraining for the Masses}},
    year = {2021},
    author = {Ridnik, Tal and Ben-Baruch, Emanuel and Noy, Asaf and Zelnik-Manor, Lihi},
    pages = {1--20},
    url = {http://arxiv.org/abs/2104.10972},
    arxivId = {2104.10972}
}

@inproceedings{Deng2009,
    title = {{ImageNet: A large-scale hierarchical image database}},
    year = {2009},
    booktitle = {2009 IEEE Conference on Computer Vision and Pattern Recognition},
    author = {Deng, Jia and Dong, Wei and Socher, Richard and Li, Li-Jia and {Kai Li} and {Li Fei-Fei}},
    number = {11},
    month = {6},
    pages = {248--255},
    volume = {20},
    publisher = {IEEE},
    url = {http://www.ncbi.nlm.nih.gov/pubmed/748644 https://ieeexplore.ieee.org/document/5206848/},
    isbn = {978-1-4244-3992-8},
    doi = {10.1109/CVPR.2009.5206848},
    issn = {0385-2385},
    pmid = {748644}
}

@article{Bertamini2013,
    title = {{Implicit association of symmetry with positive valence, high arousal and simplicity}},
    year = {2013},
    journal = {i-Perception},
    author = {Bertamini, Marco and Makin, Alexis and Rampone, Giulia},
    number = {5},
    pages = {317--327},
    volume = {4},
    doi = {10.1068/i0601jw},
    issn = {20416695},
    keywords = {IAT, Perception of symmetry, Valence, Visual aesthetics}
}

@article{Senior2020,
    title = {{Improved protein structure prediction using potentials from deep learning}},
    year = {2020},
    journal = {Nature},
    author = {Senior, Andrew W. and Evans, Richard and Jumper, John and Kirkpatrick, James and Sifre, Laurent and Green, Tim and Qin, Chongli and {\v{Z}}{\'{i}}dek, Augustin and Nelson, Alexander W. R. and Bridgland, Alex and Penedones, Hugo and Petersen, Stig and Simonyan, Karen and Crossan, Steve and Kohli, Pushmeet and Jones, David T. and Silver, David and Kavukcuoglu, Koray and Hassabis, Demis},
    number = {7792},
    month = {1},
    pages = {706--710},
    volume = {577},
    url = {https://doi.org/10.1038/s41586-019-1923-7 http://www.nature.com/articles/s41586-019-1923-7},
    doi = {10.1038/s41586-019-1923-7},
    issn = {0028-0836}
}

@inproceedings{Conti2018a,
    title = {{Improving exploration in evolution strategies for deep reinforcement learning via a population of novelty-seeking agents}},
    year = {2018},
    booktitle = {Advances in Neural Information Processing Systems},
    author = {Conti, Edoardo and Madhavan, Vashisht and Such, Felipe Petroski and Lehman, Joel and Stanley, Kenneth O and Clune, Jeff},
    number = {Nips},
    pages = {5027--5038},
    volume = {2018-Decem},
    issn = {10495258},
    arxivId = {1712.06560}
}

@incollection{Lo2013,
    title = {{Intelligent Photographing Interface with On-Device Aesthetic Quality Assessment}},
    year = {2013},
    booktitle = {Lecture Notes in Computer Science (including subseries Lecture Notes in Artificial Intelligence and Lecture Notes in Bioinformatics)},
    author = {Lo, Kuo-Yen and Liu, Keng-Hao and Chen, Chu-Song},
    number = {PART 2},
    pages = {533--544},
    volume = {7729 LNCS},
    url = {http://link.springer.com/10.1007/978-3-642-37484-5_43},
    isbn = {9783642374838},
    doi = {10.1007/978-3-642-37484-5{\_}43},
    issn = {03029743}
}

@article{Mitarai2013,
    title = {{Interactive Photographic Shooting Assitance Based on Composition and Saliency}},
    year = {2013},
    author = {Mitarai, Hiroko and Itamiya, Yoshihiro and Yoshitaka, Atsuo},
    pages = {348--363},
    url = {https://www.researchgate.net/publication/290304298_Interactive_Photographic_Shooting_Assistance_Based_on_Composition_and_Saliency},
    doi = {10.1007/978-3-642-39640-3-26},
    keywords = {composition, photography, rule of thirds}
}

@article{Ullah2019a,
    title = {{Internal Emotion Classification Using EEG Signal with Sparse Discriminative Ensemble}},
    year = {2019},
    journal = {IEEE Access},
    author = {Ullah, Habib and Uzair, Muhammad and Mahmood, Arif and Ullah, Mohib and Khan, Sultan Daud and Cheikh, Faouzi Alaya},
    pages = {40144--40153},
    volume = {7},
    publisher = {IEEE},
    url = {https://ieeexplore.ieee.org/document/8665857/},
    doi = {10.1109/ACCESS.2019.2904400},
    issn = {21693536},
    keywords = {Multiple channel EEG, emotion recognition, linear discriminant analysis, sparse PCA}
}

@article{Riba2020,
    title = {{Kornia: an Open Source Differentiable Computer Vision Library for PyTorch}},
    year = {2019},
    journal = {Proceedings - 2020 IEEE Winter Conference on Applications of Computer Vision, WACV 2020},
    author = {Riba, Edgar and Mishkin, Dmytro and Ponsa, Daniel and Rublee, Ethan and Bradski, Gary},
    month = {10},
    pages = {3663--3672},
    url = {http://arxiv.org/abs/1910.02190},
    isbn = {9781728165530},
    doi = {10.1109/WACV45572.2020.9093363},
    arxivId = {1910.02190}
}

@article{Saleh2015,
    title = {{Large-scale Classification of Fine-Art Paintings: Learning The Right Metric on The Right Feature}},
    year = {2015},
    author = {Saleh, Babak and Elgammal, Ahmed},
    url = {http://arxiv.org/abs/1505.00855},
    arxivId = {1505.00855}
}

@article{Stork2007,
    title = {{Large-scale Classification of Fine-Art Paintings: Learning The Right Metric on The Right Feature}},
    year = {2015},
    journal = {IEEE Multimedia},
    author = {Saleh, Babak and Elgammal, Ahmed},
    number = {1},
    month = {5},
    pages = {14--18},
    volume = {14},
    url = {http://arxiv.org/abs/1505.00855},
    doi = {10.1109/MMUL.2007.6},
    issn = {1070986X},
    arxivId = {1505.00855},
    keywords = {Computer vision, Form analysis, Image analysis, Pattern recognition, Shape analysis}
}

@article{Zhu2020,
    title = {{Learning Cascade Attention for fine-grained image classification}},
    year = {2020},
    journal = {Neural Networks},
    author = {Zhu, Youxiang and Li, Ruochen and Yang, Yin and Ye, Ning},
    month = {2},
    pages = {174--182},
    volume = {122},
    publisher = {Elsevier Ltd},
    url = {https://doi.org/10.1016/j.neunet.2019.10.009 https://linkinghub.elsevier.com/retrieve/pii/S0893608019303314},
    doi = {10.1016/j.neunet.2019.10.009},
    issn = {08936080},
    pmid = {31683145},
    keywords = {Attention model, Deep Convolutional Neural Network, Fine-grained image classification}
}

@phdthesis{Celona2018,
    title = {{Learning Quality, Aesthetics, and Facial Attributes for Image Annotation}},
    year = {2018},
    author = {Celona, L},
    url = {https://boa.unimib.it/handle/10281/199001},
    keywords = {Aesthetics, Deep, Face, Quality, learning}
}

@article{Yan2013,
    title = {{Learning the change for automatic image cropping}},
    year = {2013},
    journal = {Proceedings of the IEEE Computer Society Conference on Computer Vision and Pattern Recognition},
    author = {Yan, Jianzhou and Lin, Stephen and Kang, Sing Bing and Tang, Xiaoou},
    pages = {971--978},
    doi = {10.1109/CVPR.2013.130},
    issn = {10636919},
    keywords = {Image cropping}
}

@article{Chen2017,
    title = {{Learning to Compose with Professional Photographs on the Web}},
    year = {2017},
    journal = {MM 2017 - Proceedings of the 2017 ACM Multimedia Conference},
    author = {Chen, Yi-Ling and Klopp, Jan and Sun, Min and Chien, Shao-Yi and Ma, Kwan-Liu},
    month = {2},
    pages = {37--45},
    url = {http://arxiv.org/abs/1702.00503},
    isbn = {9781450349062},
    doi = {10.1145/3123266.3123274},
    arxivId = {1702.00503},
    keywords = {Aesthetics modeling, Deep ranking network, Photo composition, View recommendation}
}

@inproceedings{Cheng2012,
    title = {{Learning to photograph}},
    year = {2010},
    booktitle = {Proceedings of the international conference on Multimedia - MM '10},
    author = {Cheng, Bin and Ni, Bingbing and Yan, Shuicheng and Tian, Qi},
    number = {5},
    month = {8},
    pages = {291},
    volume = {15},
    publisher = {ACM Press},
    url = {http://dl.acm.org/citation.cfm?doid=1873951.1873992 https://doi.org/10.1145/1873951.1873992 http://ieeexplore.ieee.org/document/6414642/},
    address = {New York, New York, USA},
    isbn = {9781605589336},
    doi = {10.1145/1873951.1873992},
    issn = {1520-9210},
    keywords = {Generative model, automatic view finding, digital photography, maximum a posteriori, omni-range context, photo composition, spatial context, view recommendation}
}

@article{Ni2013,
    title = {{Learning to Photograph: A Compositional Perspective}},
    year = {2013},
    journal = {IEEE Transactions on Multimedia},
    author = {Ni, Bingbing and Xu, Mengdi and Cheng, Bin and Wang, Meng and Yan, Shuicheng and Tian, Qi},
    number = {5},
    month = {8},
    pages = {1138--1151},
    volume = {15},
    publisher = {IEEE},
    url = {http://ieeexplore.ieee.org/document/6414642/},
    doi = {10.1109/TMM.2013.2241042},
    issn = {1520-9210},
    keywords = {Generative model, maximum a posteriori, photo composition, spatial context, view recommendation}
}

@inproceedings{Wu2011,
    title = {{Learning to predict the perceived visual quality of photos}},
    year = {2011},
    booktitle = {Proceedings of the IEEE International Conference on Computer Vision},
    author = {Wu, Ou and Hu, Weiming and Gao, Jun},
    month = {11},
    pages = {225--232},
    publisher = {IEEE},
    url = {http://ieeexplore.ieee.org/document/6126246/},
    isbn = {9781457711015},
    doi = {10.1109/ICCV.2011.6126246}
}

@book{Leman1997,
    title = {{Lecture notes in artificial intelligence}},
    year = {1997},
    booktitle = {Lecture Notes in Computer Science (including subseries Lecture Notes in Artificial Intelligence and Lecture Notes in Bioinformatics)},
    author = {Leman, Marc},
    pages = {1--7},
    volume = {1317},
    isbn = {3540635262},
    issn = {16113349}
}

@inproceedings{Goos1980,
    title = {{Lecture notes in computer science}},
    year = {1980},
    booktitle = {Lecture Notes in Computer Science (including subseries Lecture Notes in Artificial Intelligence and Lecture Notes in Bioinformatics)},
    author = {Goos, G. and Hartmanis, J.},
    pages = {i},
    volume = {106},
    isbn = {9783642155666},
    doi = {10.1007/978-3-662-19161-3},
    issn = {16113349}
}

@incollection{Elder1996,
    title = {{Local scale control for edge detection and blur estimation}},
    year = {1996},
    booktitle = {Lecture Notes in Computer Science (including subseries Lecture Notes in Artificial Intelligence and Lecture Notes in Bioinformatics)},
    author = {Elder, James H and Zucker, Steven W},
    number = {7},
    pages = {55--69},
    volume = {1065},
    url = {http://link.springer.com/10.1007/3-540-61123-1_127},
    isbn = {3540611231},
    doi = {10.1007/3-540-61123-1{\_}127},
    issn = {16113349}
}

@article{Elder1996a,
    title = {{Local scale control for edge detection and blur estimation}},
    year = {1996},
    journal = {Lecture Notes in Computer Science (including subseries Lecture Notes in Artificial Intelligence and Lecture Notes in Bioinformatics)},
    author = {Elder, James H. and Zucker, Steven W.},
    number = {7},
    pages = {56--69},
    volume = {1065},
    isbn = {3540611231},
    doi = {10.1007/3-540-61123-1{\_}127},
    issn = {16113349}
}

@article{Hochreiter1997,
    title = {{Long Short-Term Memory}},
    year = {1997},
    journal = {Neural Computation},
    author = {Hochreiter, Sepp and Schmidhuber, Jürgen},
    number = {8},
    pages = {1735--1780},
    volume = {9},
    doi = {10.1162/neco.1997.9.8.1735},
    issn = {08997667},
    pmid = {9377276}
}

@article{Hochreiter1997a,
    title = {{Long short-term memory.}},
    year = {1997},
    journal = {Neural computation},
    author = {Hochreiter, Sepp and Schmidhuber, Jürgen},
    number = {8},
    month = {11},
    pages = {1735--80},
    volume = {9},
    url = {https://direct.mit.edu/neco/article/9/8/1735-1780/6109 http://www.ncbi.nlm.nih.gov/pubmed/9377276},
    doi = {10.1162/neco.1997.9.8.1735},
    issn = {0899-7667},
    pmid = {9377276}
}

@inproceedings{Lienhard2015,
    title = {{Low Level Features for Quality Assessment of Facial Images}},
    year = {2015},
    booktitle = {Proceedings of the 10th International Conference on Computer Vision Theory and Applications},
    author = {Lienhard, Arnaud and Ladret, Patricia and Caplier, Alice},
    pages = {545--552},
    volume = {1},
    publisher = {SCITEPRESS - Science and and Technology Publications},
    url = {http://www.scitepress.org/DigitalLibrary/Link.aspx?doi=10.5220/0005308805450552},
    isbn = {978-989-758-089-5},
    doi = {10.5220/0005308805450552},
    keywords = {Aesthetic quality, Automatic scoring, Portraits}
}

@article{Umer2020,
    title = {{Machine learning method for cosmetic product recognition: a visual searching approach}},
    year = {2020},
    journal = {Multimedia Tools and Applications},
    author = {Umer, Saiyed and Mohanta, Partha Pratim and Rout, Ranjeet Kumar and Pandey, Hari Mohan},
    month = {6},
    publisher = {Multimedia Tools and Applications},
    url = {https://link.springer.com/10.1007/s11042-020-09079-y},
    doi = {10.1007/s11042-020-09079-y},
    issn = {1380-7501},
    keywords = {Cosmetic products, E-commerce application, Feature extraction, Machine learning, Visual search}
}

@article{Marchesotti2013a,
    title = {{MARCHESOTTI, PERRONNIN: LEARNING BEAUTIFUL (AND UGLY) ATTRIBUTES Learning beautiful (and ugly) attributes}},
    year = {2013},
    author = {Marchesotti, Luca and Perronnin, Florent}
}

@article{Ghadiyaram2016,
    title = {{Massive Online Crowdsourced Study of Subjective and Objective Picture Quality}},
    year = {2015},
    journal = {IEEE Transactions on Image Processing},
    author = {Ghadiyaram, Deepti and Bovik, Alan C.},
    number = {1},
    month = {11},
    pages = {372--387},
    volume = {25},
    url = {http://arxiv.org/abs/1511.02919 http://dx.doi.org/10.1109/TIP.2015.2500021},
    doi = {10.1109/TIP.2015.2500021},
    issn = {10577149},
    arxivId = {1511.02919},
    keywords = {Authentic distortions, Crowdsourcing, Perceptual image quality, Subjective image quality assessment}
}

@phdthesis{MarcelloSchubnellAbreudeRezendeLima2019,
    title = {{MASTER THESIS Estimating Image Aesthetic Value using a Content-Based Convolutional Neural Network Architecture UNIVERSITY OF BRASILIA Faculty of Technology MASTER THESIS Estimating Image Aesthetic Value using a Content-Based Convolutional Neural Network A}},
    year = {2019},
    author = {Marcello Schubnell Abreu de Rezende Lima, João},
    url = {https://repositorio.unb.br/handle/10482/38225},
    school = {UNIVERSITY OF BRASILIA}
}

@article{Silver2016,
    title = {{Mastering the game of Go with deep neural networks and tree search}},
    year = {2016},
    journal = {Nature},
    author = {Silver, David and Huang, Aja and Maddison, Chris J. and Guez, Arthur and Sifre, Laurent and Van Den Driessche, George and Schrittwieser, Julian and Antonoglou, Ioannis and Panneershelvam, Veda and Lanctot, Marc and Dieleman, Sander and Grewe, Dominik and Nham, John and Kalchbrenner, Nal and Sutskever, Ilya and Lillicrap, Timothy and Leach, Madeleine and Kavukcuoglu, Koray and Graepel, Thore and Hassabis, Demis},
    number = {7587},
    pages = {484--489},
    volume = {529},
    publisher = {Nature Publishing Group},
    url = {http://dx.doi.org/10.1038/nature16961},
    doi = {10.1038/nature16961},
    issn = {14764687},
    pmid = {26819042}
}

@inproceedings{Cerosaletti2009,
    title = {{Measuring the perceived aesthetic quality of photographic images}},
    year = {2009},
    booktitle = {2009 International Workshop on Quality of Multimedia Experience, QoMEx 2009},
    author = {Cerosaletti, Cathleen Daniels and Loui, Alexander C. and Jiang, Wei},
    month = {7},
    pages = {47--52},
    publisher = {IEEE},
    url = {http://ieeexplore.ieee.org/document/5246977/},
    isbn = {9781424443703},
    doi = {10.1109/QOMEX.2009.5246977},
    keywords = {Aesthetic, Photography, Psychology, User modeling}
}

@article{Zhang2018,
    title = {{MixUp: Beyond empirical risk minimization}},
    year = {2018},
    journal = {6th International Conference on Learning Representations, ICLR 2018 - Conference Track Proceedings},
    author = {Zhang, Hongyi and Cisse, Moustapha and Dauphin, Yann N. and Lopez-Paz, David},
    pages = {1--13},
    arxivId = {1710.09412}
}

@article{Tolstikhin,
    title = {{MLP-Mixer: An all-MLP Architecture for Vision}},
    year = {2021},
    author = {Tolstikhin, Ilya and Houlsby, Neil and Kolesnikov, Alexander and Beyer, Lucas and Zhai, Xiaohua and Unterthiner, Thomas and Yung, Jessica and Steiner, Andreas and Keysers, Daniel and Uszkoreit, Jakob and Lucic, Mario and Dosovitskiy, Alexey},
    month = {5},
    pages = {1--16},
    url = {http://arxiv.org/abs/2105.01601},
    arxivId = {2105.01601}
}

@article{Howard2017,
    title = {{MobileNets: Efficient Convolutional Neural Networks for Mobile Vision Applications}},
    year = {2017},
    author = {Howard, Andrew G. and Zhu, Menglong and Chen, Bo and Kalenichenko, Dmitry and Wang, Weijun and Weyand, Tobias and Andreetto, Marco and Adam, Hartwig},
    month = {4},
    url = {http://arxiv.org/abs/1704.04861},
    arxivId = {1704.04861}
}

@article{Zhang2021d,
    title = {{MSCAN: Multimodal Self-and-Collaborative Attention Network for image aesthetic prediction tasks}},
    year = {2021},
    journal = {Neurocomputing},
    author = {Zhang, Xiaodan and Gao, Xinbo and He, Lihuo and Lu, Wen},
    month = {3},
    pages = {14--23},
    volume = {430},
    publisher = {Elsevier B.V.},
    url = {https://doi.org/10.1016/j.neucom.2020.10.046 https://linkinghub.elsevier.com/retrieve/pii/S0925231220316076},
    doi = {10.1016/j.neucom.2020.10.046},
    issn = {09252312},
    keywords = {Co-attention mechanism, Multimodal learning, Photo aesthetic assessment, Self-attention mechanism, photo aesthetic assessment}
}

@article{Jiang2019,
    title = {{Multi-Agent Deep Reinforcement Learning for Multi-Object Tracker}},
    year = {2019},
    journal = {IEEE Access},
    author = {Jiang, Mingxin and Hai, Tao and Pan, Zhigeng and Wang, Haiyan and Jia, Yinjie and Deng, Chao},
    pages = {32400--32407},
    volume = {7},
    publisher = {IEEE},
    url = {https://ieeexplore.ieee.org/document/8653482/},
    doi = {10.1109/ACCESS.2019.2901300},
    issn = {21693536},
    keywords = {IQL, MADRL, Multi-object tracking, YOLO V3}
}

@inproceedings{Sun2018,
    title = {{Multi-Attention Multi-Class Constraint for Fine-grained Image Recognition}},
    year = {2018},
    booktitle = {Lecture Notes in Computer Science (including subseries Lecture Notes in Artificial Intelligence and Lecture Notes in Bioinformatics)},
    author = {Sun, Ming and Yuan, Yuchen and Zhou, Feng and Ding, Errui},
    pages = {834--850},
    volume = {11220 LNCS},
    url = {http://link.springer.com/10.1007/978-3-030-01270-0_49},
    isbn = {9783030012694},
    doi = {10.1007/978-3-030-01270-0{\_}49},
    issn = {16113349},
    arxivId = {1806.05372},
    keywords = {Fine-grained classification, Metric learning, Multi-attention Multi-class constraint, One-squeeze Multi-excitation, Visual attention}
}

@inproceedings{Joshi2009,
    title = {{Multi-class active learning for image classification}},
    year = {2009},
    booktitle = {2009 IEEE Computer Society Conference on Computer Vision and Pattern Recognition Workshops, CVPR Workshops 2009},
    author = {Joshi, Ajay J. and Porikli, Fatih and Papanikolopoulos, Nikolaos},
    month = {6},
    pages = {2372--2379},
    volume = {2009 IEEE },
    publisher = {IEEE},
    url = {https://ieeexplore.ieee.org/document/5206627},
    isbn = {9781424439935},
    doi = {10.1109/CVPRW.2009.5206627}
}

@inproceedings{Joshi2010,
    title = {{Multi-class batch-mode active learning for image classification}},
    year = {2010},
    booktitle = {2010 IEEE International Conference on Robotics and Automation},
    author = {Joshi, Ajay J. and Porikli, Fatih and Papanikolopoulos, Nikolaos},
    month = {5},
    pages = {1873--1878},
    publisher = {IEEE},
    url = {https://ieeexplore.ieee.org/document/5509293/},
    isbn = {978-1-4244-5038-1},
    doi = {10.1109/ROBOT.2010.5509293},
    issn = {10504729}
}

@article{Das2021,
    title = {{Multi-Image Steganography Using Deep Neural Networks}},
    year = {2021},
    author = {Das, Abhishek and Wahi, Japsimar Singh and Anand, Mansi and Rana, Yugant},
    month = {1},
    pages = {1--9},
    url = {http://arxiv.org/abs/2101.00350},
    arxivId = {2101.00350}
}

@article{Wu2020a,
    title = {{Multi-Label Active Learning Algorithms for Image Classification}},
    year = {2020},
    journal = {ACM Computing Surveys},
    author = {Wu, Jian and Sheng, Victor S. and Zhang, Jing and Li, Hua and Dadakova, Tetiana and Swisher, Christine Leon and Cui, Zhiming and Zhao, Pengpeng},
    number = {2},
    month = {7},
    pages = {1--35},
    volume = {53},
    url = {https://dl.acm.org/doi/10.1145/3379504},
    doi = {10.1145/3379504},
    issn = {0360-0300},
    keywords = {Image classification, active learning, annotation, multi-label image, sampling strategy}
}

@inproceedings{Li2004,
    title = {{Multi-label SVM active learning for image classification}},
    year = {2004},
    booktitle = {2004 International Conference on Image Processing, 2004. ICIP '04.},
    author = {{Xachan Li} and {Lei Wang} and {Eric Sang}},
    pages = {2207--2210},
    volume = {4},
    publisher = {IEEE},
    url = {http://ieeexplore.ieee.org/document/1421535/},
    isbn = {0-7803-8554-3},
    doi = {10.1109/ICIP.2004.1421535},
    issn = {15224880}
}

@inproceedings{Mutch2006,
    title = {{Multiclass Object Recognition with Sparse, Localized Features}},
    year = {2006},
    booktitle = {2006 IEEE Computer Society Conference on Computer Vision and Pattern Recognition - Volume 1 (CVPR'06)},
    author = {Mutch, Jim and Lowe, D.G.},
    pages = {11--18},
    volume = {1},
    publisher = {IEEE},
    url = {http://ieeexplore.ieee.org/document/1640736/},
    isbn = {0-7695-2597-0},
    doi = {10.1109/CVPR.2006.200},
    issn = {10636919}
}

@inproceedings{Hii2017a,
    title = {{Multigap: Multi-pooled inception network with text augmentation for aesthetic prediction of photographs}},
    year = {2017},
    booktitle = {2017 IEEE International Conference on Image Processing (ICIP)},
    author = {Hii, Yong-Lian and See, John and Kairanbay, Magzhan and Wong, Lai-Kuan},
    month = {9},
    pages = {1722--1726},
    publisher = {IEEE},
    url = {http://ieeexplore.ieee.org/document/8296576/},
    isbn = {978-1-5090-2175-8},
    doi = {10.1109/ICIP.2017.8296576}
}

@article{Wu2016,
    title = {{Multimodal Web Aesthetics Assessment Based on Structural SVM and Multitask Fusion Learning}},
    year = {2016},
    journal = {IEEE Transactions on Multimedia},
    author = {Wu, Ou and Zuo, Haiqiang and Hu, Weiming and Li, Bing},
    number = {6},
    month = {6},
    pages = {1062--1076},
    volume = {18},
    url = {http://ieeexplore.ieee.org/document/7426384/},
    doi = {10.1109/TMM.2016.2538722},
    issn = {15209210},
    keywords = {Visual aesthetics, Web pages, local features}
}

@inproceedings{Gao2015a,
    title = {{Multiple Aesthetic Attribute Assessment by Exploiting Relations Among Aesthetic Attributes}},
    year = {2015},
    booktitle = {Proceedings of the 5th ACM on International Conference on Multimedia Retrieval},
    author = {Gao, Zhen and Wang, Shangfei and Ji, Qiang},
    month = {6},
    pages = {575--578},
    publisher = {ACM},
    url = {https://dl.acm.org/doi/10.1145/2671188.2749363},
    address = {New York, NY, USA},
    isbn = {9781450332743},
    doi = {10.1145/2671188.2749363},
    keywords = {Aesthetic assessment, Bayesian Network, Multi-label tasks}
}

@article{Pelagotti2008,
    title = {{Multispectral imaging of paintings}},
    year = {2008},
    journal = {IEEE Signal Processing Magazine},
    author = {Pelagotti, Anna and Mastio, Andrea and Rosa, Alessia and Piva, Alessandro},
    number = {4},
    pages = {27--36},
    volume = {25},
    doi = {10.1109/msp.2008.923095},
    issn = {1053-5888}
}

@article{Bahdanau2014,
    title = {{Neural Machine Translation by Jointly Learning to Align and Translate}},
    year = {2014},
    journal = {3rd International Conference on Learning Representations, ICLR 2015 - Conference Track Proceedings},
    author = {Bahdanau, Dzmitry and Cho, Kyunghyun and Bengio, Yoshua},
    month = {9},
    pages = {1--15},
    url = {http://arxiv.org/abs/1409.0473},
    arxivId = {1409.0473}
}

@article{Rolls2014,
    title = {{Neuroculture: Art, aesthetics, and the brain}},
    year = {2014},
    journal = {Rendiconti Lincei},
    author = {Rolls, Edmund T.},
    number = {3},
    pages = {291--307},
    volume = {25},
    isbn = {1221001302767},
    doi = {10.1007/s12210-013-0276-7},
    issn = {17200776},
    keywords = {Aesthetics, Beauty, Emotion, Evolution, Natural selection, Neurobiological foundations of art, Pleasure}
}

@article{Hassabis2017,
    title = {{Neuroscience-Inspired Artificial Intelligence}},
    year = {2017},
    journal = {Neuron},
    author = {Hassabis, Demis and Kumaran, Dharshan and Summerfield, Christopher and Botvinick, Matthew},
    number = {2},
    month = {7},
    pages = {245--258},
    volume = {95},
    publisher = {Elsevier Inc.},
    url = {http://dx.doi.org/10.1016/j.neuron.2017.06.011 https://linkinghub.elsevier.com/retrieve/pii/S0896627317305093 http://www.ncbi.nlm.nih.gov/pubmed/28728020},
    doi = {10.1016/j.neuron.2017.06.011},
    issn = {08966273},
    pmid = {28728020},
    keywords = {artificial intelligence, brain, cognition, learning, neural network}
}

@article{Talebi2018,
    title = {{NIMA: Neural Image Assessment}},
    year = {2018},
    journal = {IEEE Transactions on Image Processing},
    author = {Talebi, Hossein and Milanfar, Peyman},
    number = {8},
    month = {8},
    pages = {3998--4011},
    volume = {27},
    url = {http://arxiv.org/abs/1709.05424 http://dx.doi.org/10.1109/TIP.2018.2831899 https://ieeexplore.ieee.org/document/8352823/},
    doi = {10.1109/TIP.2018.2831899},
    issn = {10577149},
    arxivId = {1709.05424},
    keywords = {Image quality assessment, deep learning, no-reference quality assessment}
}

@article{Sheikh2005,
    title = {{No-reference quality assessment using natural scene statistics: JPEG2000}},
    year = {2005},
    journal = {IEEE Transactions on Image Processing},
    author = {Sheikh, Hamid Rahim and Bovik, Alan Conrad and Cormack, Lawrence},
    number = {11},
    pages = {1918--1927},
    volume = {14},
    doi = {10.1109/TIP.2005.854492},
    issn = {10577149},
    pmid = {16279189},
    keywords = {Blind quality assessment (QA), Image QA, JPEG2000, Natural scene statistics (NSS), No reference (NR) image QA}
}

@article{Peng2018,
    title = {{Object-part attention model for fine-grained image classification}},
    year = {2018},
    journal = {IEEE Transactions on Image Processing},
    author = {Peng, Yuxin and He, Xiangteng and Zhao, Junjie},
    number = {3},
    month = {3},
    pages = {1487--1500},
    volume = {27},
    url = {http://arxiv.org/abs/1704.01740 http://dx.doi.org/10.1109/TIP.2017.2774041 http://ieeexplore.ieee.org/document/8110709/},
    doi = {10.1109/TIP.2017.2774041},
    issn = {10577149},
    pmid = {29990123},
    arxivId = {1704.01740},
    keywords = {Fine-grained image classification, Object-part attention model, Object-part spatial constraint model, Weakly supervised learning}
}

@article{Strezoski2017,
    title = {{OmniArt: Multi-task Deep Learning for Artistic Data Analysis}},
    year = {2017},
    author = {Strezoski, Gjorgji and Worring, Marcel},
    month = {8},
    url = {http://arxiv.org/abs/1708.00684},
    arxivId = {1708.00684}
}

@article{Sermanet2014,
    title = {{OverFeat: Integrated Recognition, Localization and Detection using Convolutional Networks}},
    year = {2013},
    journal = {2nd International Conference on Learning Representations, ICLR 2014 - Conference Track Proceedings},
    author = {Sermanet, Pierre and Eigen, David and Zhang, Xiang and Mathieu, Michael and Fergus, Rob and LeCun, Yann},
    month = {12},
    url = {http://arxiv.org/abs/1312.6229},
    arxivId = {1312.6229}
}

@book{OED2021,
    title = {{Oxford English dictionary (Online)}},
    year = {2021},
    edition = {Online},
    publisher = {Oxford University Press},
    url = {https://www.oed.com/view/Entry/3237?rskey=FsniYn&result=1&isAdvanced=false},
    address = {Oxford},
    issn = {1467-3894}
}

@book{Issues2009,
    title = {{Parsing the Turing Test}},
    year = {2009},
    booktitle = {Parsing the Turing Test},
    author = {Issues, Methodological and Computer, Thinking},
    editor = {Epstein, Robert and Roberts, Gary and Beber, Grace},
    publisher = {Springer Netherlands},
    url = {http://link.springer.com/10.1007/978-1-4020-6710-5},
    address = {Dordrecht},
    isbn = {978-1-4020-9624-2},
    doi = {10.1007/978-1-4020-6710-5}
}

@inproceedings{You2009,
    title = {{Perceptual quality assessment based on visual attention analysis}},
    year = {2009},
    booktitle = {Proceedings of the seventeen ACM international conference on Multimedia - MM '09},
    author = {You, Junyong and Perkis, Andrew and Hannuksela, Miska M. and Gabbouj, Moncef},
    number = {December 2013},
    pages = {561},
    publisher = {ACM Press},
    url = {http://portal.acm.org/citation.cfm?doid=1631272.1631356},
    address = {New York, New York, USA},
    isbn = {9781605586083},
    doi = {10.1145/1631272.1631356},
    keywords = {Perceptual quality assessment, Quality metric, Visual attention}
}

@article{Madhu,
    title = {{Perceptually-grounded Style Transfer Learning}},
    author = {Madhu, Prathmesh and Villar-corrales, Angel and Kosti, Ronak and Bendschus, Torsten and Reinhardt, Corinna and Bell, Peter and Maier, Andreas and Christlein, Vincent},
    arxivId = {arXiv:2012.05616v1}
}

@phdthesis{Rodriguez-Pardo2019,
    title = {{Personalised aesthetics assessment in photography using deep learning Carlos Rodr ´ ıguez - Pardo Master of Science Artificial Intelligence School of Informatics University of Edinburgh}},
    year = {2019},
    author = {Rodr{\'{i}}guez - Pardo, Carlos},
    number = {August},
    url = {https://www.researchgate.net/publication/335259576%0APersonalised}
}

@article{Li2020b,
    title = {{Personality-assisted multi-task learning for generic and personalized image aesthetics assessment}},
    year = {2020},
    journal = {IEEE Transactions on Image Processing},
    author = {Li, Leida and Zhu, Hancheng and Zhao, Sicheng and Ding, Guiguang and Lin, Weisi},
    pages = {3898--3910},
    volume = {29},
    publisher = {IEEE},
    doi = {10.1109/TIP.2020.2968285},
    issn = {19410042},
    keywords = {Generic and personalized image aesthetics, Image aesthetics assessment, Multi-task deep learning, Personality traits, Siamese network}
}

@inproceedings{Ren2017,
    title = {{Personalized Image Aesthetics}},
    year = {2017},
    booktitle = {2017 IEEE International Conference on Computer Vision (ICCV)},
    author = {Ren, Jian and Shen, Xiaohui and Lin, Zhe and Mech, Radomir and Foran, David J.},
    month = {10},
    pages = {638--647},
    volume = {2017-Octob},
    publisher = {IEEE},
    url = {http://ieeexplore.ieee.org/document/8237338/},
    isbn = {978-1-5386-1032-9},
    doi = {10.1109/ICCV.2017.76},
    issn = {15505499}
}

@inproceedings{Ioffe2015,
    title = {{Personalized Image Aesthetics (supplementary material)}},
    year = {2017},
    booktitle = {2017 IEEE International Conference on Computer Vision (ICCV)},
    author = {Ren, Jian and Shen, Xiaohui and Lin, Zhe and Mech, Radomir and Foran, David J.},
    month = {10},
    pages = {638--647},
    volume = {1},
    publisher = {IEEE},
    url = {https://openaccess.thecvf.com/content_ICCV_2017/supplemental/Ren_Personalized_Image_Aesthetics_ICCV_2017_supplemental.pdf http://ieeexplore.ieee.org/document/8237338/},
    isbn = {978-1-5386-1032-9},
    doi = {10.1109/ICCV.2017.76}
}

@article{Kong2016,
    title = {{Photo Aesthetics Ranking Network with Attributes and Content Adaptation}},
    year = {2016},
    author = {Kong, Shu and Shen, Xiaohui and Lin, Zhe and Mech, Radomir and Fowlkes, Charless},
    month = {6},
    url = {http://arxiv.org/abs/1606.01621},
    arxivId = {1606.01621},
    keywords = {convolutional neural network, image aesthetics rating, rank loss}
}

@incollection{Lou2008,
    title = {{Photo and Video Quality Evaluation: Focusing on the Subject}},
    year = {2008},
    booktitle = {Computer Vision -- ECCV 2008},
    author = {Luo, Yiwen and Tang, Xiaoou},
    editor = {Forsyth, David and Torr, Philip and Zisserman, Andrew},
    number = {08},
    pages = {386--399},
    volume = {8},
    publisher = {Springer Berlin Heidelberg},
    url = {http://portal.acm.org/popBibTex.cfm?id=1478204&ids=SERIES9612.1478172.1478182.1478204&types=series.proceeding.section.article&reqtype=article&coll=GUIDE&dl=GUIDE&CFID=91452395&CFTOKEN=97546522 http://link.springer.com/10.1007/978-3-540-88690-7_29},
    address = {Berlin, Heidelberg},
    isbn = {978-3-540-88690-7},
    doi = {10.1007/978-3-540-88690-7{\_}29}
}

@article{Sun2009,
    title = {{Photo assessment based on computational visual attention model}},
    year = {2009},
    journal = {MM'09 - Proceedings of the 2009 ACM Multimedia Conference, with Co-located Workshops and Symposiums},
    author = {Sun, Xiaoshuai and Yao, Hongxun and Ji, Rongrong and Liu, Shaohui},
    number = {92},
    pages = {541--544},
    isbn = {9781605586083},
    doi = {10.1145/1631272.1631351},
    keywords = {Bottom-up and top-down attention, Computational visual attention model, Photo assessment, Rate of focused attention}
}

@article{Spathis2016,
    title = {{Photo-Quality Evaluation based on Computational Aesthetics: Review of Feature Extraction Techniques}},
    year = {2016},
    author = {Spathis, Dimitris},
    month = {12},
    url = {http://arxiv.org/abs/1612.06259},
    arxivId = {1612.06259},
    keywords = {feature extraction, image processing, photograph quality}
}

@article{Levenson2015,
    title = {{Pigeons (Columba livia) as Trainable Observers of Pathology and Radiology Breast Cancer Images}},
    year = {2015},
    journal = {PLOS ONE},
    author = {Levenson, Richard M. and Krupinski, Elizabeth A. and Navarro, Victor M. and Wasserman, Edward A.},
    editor = {Coles, Jonathan A},
    number = {11},
    month = {11},
    pages = {e0141357},
    volume = {10},
    url = {https://dx.plos.org/10.1371/journal.pone.0141357},
    doi = {10.1371/journal.pone.0141357},
    issn = {1932-6203},
    pmid = {26581091}
}

@article{Plochmann1976,
    title = {{Plato, Visual Perception, and Art}},
    year = {1976},
    journal = {The Journal of Aesthetics and Art Criticism},
    author = {Plochmann, George Kimball and Kimball, George},
    number = {2},
    month = {12},
    pages = {189--200},
    volume = {35},
    url = {https://doi.org/10.2307/430376},
    isbn = {2013206534},
    doi = {10.2307/430376},
    issn = {0021-8529}
}

@article{Plochmann1976b,
    title = {{Plato, Visual Perception, and Art}},
    year = {1976},
    journal = {The Journal of Aesthetics and Art Criticism},
    author = {Plochmann, George Kimball},
    number = {2},
    month = {12},
    pages = {189--200},
    volume = {35},
    url = {https://doi.org/10.2307/430376},
    doi = {10.2307/430376},
    issn = {0021-8529}
}

@article{Maitre2001,
    title = {{Plenary talk: 15 years of image processing and the fine arts}},
    year = {2001},
    journal = {IEEE International Conference on Image Processing},
    author = {Ma{\^{i}}tre, H. and Schmitt, F. and Lahanier, C.},
    number = {1},
    pages = {557--561},
    volume = {1}
}

@article{Engel2021,
    title = {{Point transformer}},
    year = {2021},
    journal = {IEEE Access},
    author = {Engel, Nico and Belagiannis, Vasileios and Dietmayer, Klaus},
    pages = {134826--134840},
    volume = {9},
    doi = {10.1109/ACCESS.2021.3116304},
    issn = {21693536},
    arxivId = {2012.09164},
    keywords = {3D point processing, Artificial neural networks, Computer vision, Feedforward neural networks, Transformer}
}

@article{Zhang2019,
    title = {{Pose-Based Composition Improvement for Portrait Photographs}},
    year = {2019},
    journal = {IEEE Transactions on Circuits and Systems for Video Technology},
    author = {Zhang, Xiaoyan and Li, Zhuopeng and Constable, Martin and Chan, Kap Luk and Tang, Zhenhua and Tang, Gaoyang},
    number = {3},
    month = {3},
    pages = {653--668},
    volume = {29},
    publisher = {IEEE},
    url = {https://ieeexplore.ieee.org/document/8319951/},
    isbn = {6162010600},
    doi = {10.1109/TCSVT.2018.2817231},
    issn = {1051-8215},
    keywords = {Composition improvement, portrait, pose}
}

@inproceedings{Gray2010,
    title = {{Predicting facial beauty without landmarks}},
    year = {2010},
    booktitle = {Lecture Notes in Computer Science (including subseries Lecture Notes in Artificial Intelligence and Lecture Notes in Bioinformatics)},
    author = {Gray, Douglas and Yu, Kai and Xu, Wei and Gong, Yihong},
    number = {PART 6},
    pages = {434--447},
    volume = {6316 LNCS},
    url = {http://link.springer.com/10.1007/978-3-642-15567-3_32},
    isbn = {3642155669},
    doi = {10.1007/978-3-642-15567-3{\_}32},
    issn = {16113349}
}

@article{Wang2021,
    title = {{Pyramid Vision Transformer: A Versatile Backbone for Dense Prediction without Convolutions}},
    year = {2021},
    author = {Wang, Wenhai and Xie, Enze and Li, Xiang and Fan, Deng-Ping and Song, Kaitao and Liang, Ding and Lu, Tong and Luo, Ping and Shao, Ling},
    month = {2},
    url = {http://arxiv.org/abs/2102.12122},
    arxivId = {2102.12122}
}

@article{Poirazi2003,
    title = {{Pyramidal neuron as two-layer neural network.}},
    year = {2003},
    journal = {Neuron},
    author = {Poirazi, Panayiota and Brannon, Terrence and Mel, Bartlett W.},
    number = {6},
    month = {3},
    pages = {989--99},
    volume = {37},
    url = {http://www.ncbi.nlm.nih.gov/pubmed/12670427},
    doi = {10.1016/s0896-6273(03)00149-1},
    issn = {0896-6273},
    pmid = {12670427}
}

@article{Chen2017a,
    title = {{Quantitative analysis of automatic image cropping algorithms: A dataset and comparative study}},
    year = {2017},
    journal = {Proceedings - 2017 IEEE Winter Conference on Applications of Computer Vision, WACV 2017},
    author = {Chen, Yi Ling and Huang, Tzu Wei and Chang, Kai Han and Tsai, Yu Chen and Chen, Hwann Tzong and Chen, Bing Yu},
    pages = {226--234},
    isbn = {9781509048229},
    doi = {10.1109/WACV.2017.32},
    arxivId = {1701.01480}
}

@inproceedings{Lu2014a,
    title = {{Rapid: Rating pictorial aesthetics using deep learning}},
    year = {2014},
    booktitle = {MM 2014 - Proceedings of the 2014 ACM Conference on Multimedia},
    author = {Lu, Xin and Lin, Zhe and Jin, Hailin and Yang, Jianchao and Wang, James Z},
    month = {11},
    pages = {457--466},
    publisher = {ACM},
    url = {https://dl.acm.org/doi/10.1145/2647868.2654927},
    address = {New York, NY, USA},
    isbn = {9781450330633},
    doi = {10.1145/2647868.2654927},
    keywords = {Deep learning, Image aesthetics, Multi-column deep neural networks}
}

@article{Lu2015a,
    title = {{Rating Image Aesthetics Using Deep Learning}},
    year = {2015},
    journal = {IEEE Transactions on Multimedia},
    author = {Lu, Xin and Lin, Zhe and Jin, Hailin and Yang, Jianchao and Wang, James Z},
    number = {11},
    month = {11},
    pages = {2021--2034},
    volume = {17},
    url = {http://ieeexplore.ieee.org/document/7243357/},
    doi = {10.1109/TMM.2015.2477040},
    issn = {1520-9210},
    keywords = {Automatic feature learning, deep neural networks, image aesthetics}
}

@article{Kukacka2017,
    title = {{Regularization for Deep Learning: A Taxonomy}},
    year = {2017},
    author = {Kuka{\v{c}}ka, Jan and Golkov, Vladimir and Cremers, Daniel},
    month = {10},
    pages = {1--23},
    url = {http://arxiv.org/abs/1710.10686},
    arxivId = {1710.10686}
}

@article{Battaglia2018,
    title = {{Relational inductive biases, deep learning, and graph networks}},
    year = {2018},
    author = {Battaglia, Peter W. and Hamrick, Jessica B. and Bapst, Victor and Sanchez-Gonzalez, Alvaro and Zambaldi, Vinicius and Malinowski, Mateusz and Tacchetti, Andrea and Raposo, David and Santoro, Adam and Faulkner, Ryan and Gulcehre, Caglar and Song, Francis and Ballard, Andrew and Gilmer, Justin and Dahl, George and Vaswani, Ashish and Allen, Kelsey and Nash, Charles and Langston, Victoria and Dyer, Chris and Heess, Nicolas and Wierstra, Daan and Kohli, Pushmeet and Botvinick, Matt and Vinyals, Oriol and Li, Yujia and Pascanu, Razvan},
    pages = {1--40},
    url = {http://arxiv.org/abs/1806.01261},
    issn = {2331-8422},
    arxivId = {1806.01261}
}

@inproceedings{Yeh2012,
    title = {{Relative features for photo quality assessment}},
    year = {2012},
    booktitle = {2012 19th IEEE International Conference on Image Processing},
    author = {Yeh, Mei-Chen and Cheng, Yu-Chen},
    number = {88},
    month = {9},
    pages = {2861--2864},
    publisher = {IEEE},
    url = {http://ieeexplore.ieee.org/document/6467496/},
    isbn = {978-1-4673-2533-2},
    doi = {10.1109/ICIP.2012.6467496},
    issn = {15224880},
    keywords = {Visual aesthetics, feature, image quality assessment}
}

@article{Heo2021,
    title = {{Rethinking Spatial Dimensions of Vision Transformers}},
    year = {2021},
    author = {Heo, Byeongho and Yun, Sangdoo and Han, Dongyoon and Chun, Sanghyuk and Choe, Junsuk and Oh, Seong Joon},
    month = {3},
    url = {http://arxiv.org/abs/2103.16302},
    arxivId = {2103.16302}
}

@article{Szegedy2016,
    title = {{Rethinking the Inception Architecture for Computer Vision}},
    year = {2016},
    journal = {Proceedings of the IEEE Computer Society Conference on Computer Vision and Pattern Recognition},
    author = {Szegedy, Christian and Vanhoucke, Vincent and Ioffe, Sergey and Shlens, Jon and Wojna, Zbigniew},
    pages = {2818--2826},
    volume = {2016-Decem},
    isbn = {9781467388504},
    doi = {10.1109/CVPR.2016.308},
    issn = {10636919},
    arxivId = {1512.00567}
}

@inproceedings{Elsayed2020,
    title = {{Revisiting spatial invariance with low-rank local connectivity}},
    year = {2020},
    booktitle = {37th International Conference on Machine Learning, ICML 2020},
    author = {Elsayed, Gamaleldin F and Ramachandran, Prajit and Shlens, Jonathon and Kornblith, Simon},
    number = {Figure 1},
    pages = {2848--2859},
    volume = {PartF16814},
    isbn = {9781713821120},
    arxivId = {2002.02959}
}

@article{Li2012,
    title = {{Rhythmic brushstrokes distinguish van gogh from his contemporaries: Findings via automated brushstroke extraction}},
    year = {2012},
    journal = {IEEE Transactions on Pattern Analysis and Machine Intelligence},
    author = {Li, Jia and Yao, Lei and Hendriks, Ella and Wang, James Z.},
    number = {6},
    pages = {1159--1176},
    volume = {34},
    publisher = {IEEE},
    doi = {10.1109/TPAMI.2011.203},
    issn = {01628828},
    keywords = {Brushstroke style, Oil paintings, Postimpressionism, Statistical analysis, Van Gogh}
}

@article{Makbol2013,
    title = {{Robust blind image watermarking scheme based on Redundant Discrete Wavelet Transform and Singular Value Decomposition}},
    year = {2013},
    journal = {AEU - International Journal of Electronics and Communications},
    author = {Makbol, Nasrin M. and Khoo, Bee Ee},
    number = {2},
    pages = {102--112},
    volume = {67},
    publisher = {Elsevier GmbH.},
    url = {http://dx.doi.org/10.1016/j.aeue.2012.06.008},
    doi = {10.1016/j.aeue.2012.06.008},
    issn = {14348411},
    keywords = {Geometrical attacks, Image watermarking, Imperceptibility, Redundant Discrete Wavelet, Singular Value Decomposition}
}

@inproceedings{Kumar2016a,
    title = {{Robust transgender face recognition: Approach based on appearance and therapy factors}},
    year = {2016},
    booktitle = {2016 IEEE International Conference on Identity, Security and Behavior Analysis (ISBA)},
    author = {Kumar, Vijay and Raghavendra, R. and Namboodiri, Anoop and Busch, Christoph},
    number = {February 2018},
    month = {2},
    pages = {1--7},
    publisher = {IEEE},
    url = {http://ieeexplore.ieee.org/document/7477226/},
    isbn = {978-1-4673-9727-8},
    doi = {10.1109/ISBA.2016.7477226}
}

@inproceedings{Mai2011a,
    title = {{Rule of Thirds Detection from Photograph}},
    year = {2011},
    booktitle = {2011 IEEE International Symposium on Multimedia},
    author = {Mai, Long and Le, Hoang and Niu, Yuzhen and Liu, Feng},
    month = {12},
    pages = {91--96},
    publisher = {IEEE},
    url = {http://ieeexplore.ieee.org/document/6123330/},
    isbn = {978-1-4577-2015-4},
    doi = {10.1109/ISM.2011.23},
    keywords = {Multimedia Quality, Photo Composition, Rule of Thirds}
}

@inproceedings{Yang2013,
    title = {{Saliency Detection via Graph-Based Manifold Ranking}},
    year = {2013},
    booktitle = {2013 IEEE Conference on Computer Vision and Pattern Recognition},
    author = {Yang, Chuan and Zhang, Lihe and Lu, Huchuan and Ruan, Xiang and Yang, Ming-Hsuan},
    month = {6},
    pages = {3166--3173},
    publisher = {IEEE},
    url = {http://ieeexplore.ieee.org/document/6619251/},
    isbn = {978-0-7695-4989-7},
    doi = {10.1109/CVPR.2013.407},
    issn = {10636919}
}

@inproceedings{Wong2009,
    title = {{Saliency-enhanced image aesthetics class prediction}},
    year = {2009},
    booktitle = {2009 16th IEEE International Conference on Image Processing (ICIP)},
    author = {{Lai-Kuan Wong} and {Kok-Lim Low}},
    month = {11},
    pages = {997--1000},
    publisher = {IEEE},
    url = {http://ieeexplore.ieee.org/document/5413825/},
    isbn = {978-1-4244-5653-6},
    doi = {10.1109/ICIP.2009.5413825},
    issn = {15224880},
    keywords = {Aesthetics, Classification, Saliency}
}

@misc{Caravaggio1609,
    title = {{Salome Receives the Head of John the Baptist}},
    year = {1609},
    booktitle = {Oil on canvas},
    author = {{Michelangelo Merisi da Caravaggio}},
    pages = {67.30 x 88.60 cm},
    url = {https://www.nationalgallery.org.uk/paintings/michelangelo-merisi-da-caravaggio-salome-receives-the-head-of-john-the-baptist}
}

@article{Zhai,
    title = {{Scaling Vision Transformers}},
    year = {2021},
    author = {Zhai, Xiaohua and Kolesnikov, Alexander and Houlsby, Neil and Beyer, Lucas},
    pages = {1--31},
    url = {http://arxiv.org/abs/2106.04560},
    arxivId = {2106.04560}
}

@article{Li2015,
    title = {{Seam carving based aesthetics enhancement for photos}},
    year = {2015},
    journal = {Signal Processing: Image Communication},
    author = {Li, Ke and Yan, Bo and Li, Jun and Majumder, Aditi},
    pages = {509--516},
    volume = {39},
    doi = {10.1016/j.image.2015.07.005},
    issn = {09235965},
    keywords = {Aesthetics enhancement, Image retargeting, Seam carving}
}

@article{Strudel2021,
    title = {{Segmenter: Transformer for Semantic Segmentation}},
    year = {2021},
    journal = {Pattern Recognition Letters},
    author = {Strudel, Robin and Garcia, Ricardo and Laptev, Ivan and Schmid, Cordelia},
    month = {5},
    pages = {29--35},
    volume = {148},
    url = {http://arxiv.org/abs/2105.05633 https://linkinghub.elsevier.com/retrieve/pii/S016786552100163X},
    doi = {10.1016/j.patrec.2021.04.024},
    issn = {01678655},
    arxivId = {2105.05633},
    keywords = {Multi-scale contextual information, Scene understanding, Semantic segmentation, Transformer}
}

@misc{Mapplthorpe1980,
    title = {{Self Portrait}},
    year = {1980},
    booktitle = {Photograph, Gelatine silver print on paper 34.00 x 34.00},
    author = {Mapplthorpe, Robert},
    publisher = {The National Galleris of Scontaln and Tate},
    url = {https://www.tate.org.uk/artist-rooms/learning/resources/robert-mapplethorpe-broken/artist-rooms-robert-mapplethorpe},
    address = {London}
}

@inproceedings{Ajao2019,
    title = {{Sentiment Aware Fake News Detection on Online Social Networks}},
    year = {2019},
    booktitle = {ICASSP 2019 - 2019 IEEE International Conference on Acoustics, Speech and Signal Processing (ICASSP)},
    author = {Ajao, Oluwaseun and Bhowmik, Deepayan and Zargari, Shahrzad},
    number = {c},
    month = {5},
    pages = {2507--2511},
    publisher = {IEEE},
    url = {https://ieeexplore.ieee.org/document/8683170/},
    isbn = {978-1-4799-8131-1},
    doi = {10.1109/ICASSP.2019.8683170}
}

@article{Foret2020,
    title = {{Sharpness-Aware Minimization for Efficiently Improving Generalization}},
    year = {2020},
    author = {Foret, Pierre and Kleiner, Ariel and Mobahi, Hossein and Neyshabur, Behnam},
    month = {10},
    url = {http://arxiv.org/abs/2010.01412},
    arxivId = {2010.01412}
}

@article{Beniaguev2020,
    title = {{Single Cortical Neurons as Deep Artificial Neural Networks}},
    year = {2020},
    journal = {SSRN Electronic Journal},
    author = {Beniaguev, David and Segev, Idan and London, Michael},
    doi = {10.2139/ssrn.3717773},
    keywords = {10, 1101, 19, 2020, 613141, biorxiv preprint doi, compartmental model, cortical pyramidal neuron, deep learning, dendritic nonlinearities, doi, https, machine learning, org, synaptic integration, the copyright holder for, this preprint, this version posted march, which was not}
}

@inproceedings{Chu2013,
    title = {{Size does matter: How image size affects aesthetic perception?}},
    year = {2013},
    booktitle = {MM 2013 - Proceedings of the 2013 ACM Multimedia Conference},
    author = {Chu, Wei Ta and Chen, Yu Kuang and Chen, Kuan Ta},
    pages = {53--62},
    volume = {1},
    publisher = {ACM Press},
    url = {http://dl.acm.org/citation.cfm?doid=2502081.2502102},
    address = {New York, New York, USA},
    isbn = {9781450324045},
    doi = {10.1145/2502081.2502102},
    keywords = {Crowdsourcing, Human perception, Image aesthetics, Quality assessment, Size-dependent aesthetics}
}

@inproceedings{Ullah2019,
    title = {{Stacked Lstm Network for Human Activity Recognition Using Smartphone Data}},
    year = {2019},
    booktitle = {2019 8th European Workshop on Visual Information Processing (EUVIP)},
    author = {Ullah, Mohib and Ullah, Habib and Khan, Sultan Daud and Cheikh, Faouzi Alaya},
    month = {10},
    pages = {175--180},
    volume = {2019-Octob},
    publisher = {IEEE},
    url = {https://ieeexplore.ieee.org/document/8946180/},
    isbn = {978-1-7281-4496-2},
    doi = {10.1109/EUVIP47703.2019.8946180},
    issn = {24718963},
    keywords = {L2 regularizer, Sports player, human activity recognition, sensor-data, stacked LSTM}
}

@article{Ramachandran2019a,
    title = {{Stand-Alone Self-Attention in Vision Models}},
    year = {2019},
    journal = {Advances in Neural Information Processing Systems},
    author = {Ramachandran, Prajit and Parmar, Niki and Vaswani, Ashish and Bello, Irwan and Levskaya, Anselm and Shlens, Jonathon},
    month = {6},
    volume = {32},
    url = {http://arxiv.org/abs/1906.05909},
    issn = {10495258},
    arxivId = {1906.05909}
}

@inproceedings{Datta2006,
    title = {{Studying aesthetics in photographic images using a computational approach}},
    year = {2006},
    booktitle = {Lecture Notes in Computer Science (including subseries Lecture Notes in Artificial Intelligence and Lecture Notes in Bioinformatics)},
    author = {Datta, Ritendra and Joshi, Dhiraj and Li, Jia and Wang, James Z},
    pages = {288--301},
    volume = {3953 LNCS},
    url = {http://link.springer.com/10.1007/11744078_23},
    isbn = {3540338365},
    doi = {10.1007/11744078{\_}23},
    issn = {03029743}
}

@article{Cheng2021,
    title = {{Style-Aware Normalized Loss for Improving Arbitrary Style Transfer}},
    year = {2021},
    author = {Cheng, Jiaxin and Jaiswal, Ayush and Wu, Yue and Natarajan, Pradeep and Natarajan, Prem},
    month = {4},
    pages = {134--143},
    url = {http://arxiv.org/abs/2104.10064},
    arxivId = {2104.10064}
}

@inproceedings{Liang2021,
    title = {{SwinIR: Image Restoration Using Swin Transformer}},
    year = {2021},
    booktitle = {2021 IEEE/CVF International Conference on Computer Vision Workshops (ICCVW)},
    author = {Liang, Jingyun and Cao, Jiezhang and Sun, Guolei and Zhang, Kai and Van Gool, Luc and Timofte, Radu},
    month = {10},
    pages = {1833--1844},
    publisher = {IEEE},
    url = {http://arxiv.org/abs/2108.10257 https://ieeexplore.ieee.org/document/9607618/},
    isbn = {978-1-6654-0191-3},
    doi = {10.1109/ICCVW54120.2021.00210},
    arxivId = {2108.10257}
}

@article{Leder2019,
    title = {{Symmetry Is Not a Universal Law of Beauty}},
    year = {2019},
    journal = {Empirical Studies of the Arts},
    author = {Leder, Helmut and Tinio, Pablo P.L. and Brieber, David and Kr{\"{o}}ner, Tonio and Jacobsen, Thomas and Rosenberg, Raphael},
    number = {1},
    pages = {104--114},
    volume = {37},
    doi = {10.1177/0276237418777941},
    issn = {15414493},
    keywords = {aesthetics, expertise, preference, symmetry}
}

@article{Martinez2002,
    title = {{Ten years of art imaging research}},
    year = {2002},
    journal = {Proceedings of the IEEE},
    author = {Martinez, Kirk and Cupitt, John and Saunders, David and Pillay, Ruven},
    number = {1},
    pages = {28--41},
    volume = {90},
    publisher = {IEEE},
    doi = {10.1109/5.982403},
    issn = {00189219},
    keywords = {Colorimetry, Image processing, Imaging, Museum, Painting}
}

@misc{Quand-T,
    title = {{Terra Galleria}},
    year = {2021},
    author = {Quang-Tuan, Luong},
    url = {https://www.terragalleria.com}
}

@inproceedings{Koh2021,
    title = {{Text-to-Image Generation Grounded by Fine-Grained User Attention}},
    year = {2021},
    booktitle = {2021 IEEE Winter Conference on Applications of Computer Vision (WACV)},
    author = {Koh, Jing Yu and Baldridge, Jason and Lee, Honglak and Yang, Yinfei},
    month = {1},
    pages = {237--246},
    publisher = {IEEE},
    url = {https://ieeexplore.ieee.org/document/9423212/},
    isbn = {978-1-6654-0477-8},
    doi = {10.1109/wacv48630.2021.00028},
    arxivId = {2011.03775}
}

@inproceedings{Redi2015a,
    title = {{The beauty of capturing faces: Rating the quality of digital portraits}},
    year = {2015},
    booktitle = {2015 11th IEEE International Conference and Workshops on Automatic Face and Gesture Recognition (FG)},
    author = {Redi, Miriam and Rasiwasia, Nikhil and Aggarwal, Gaurav and Jaimes, Alejandro},
    month = {5},
    pages = {1--8},
    publisher = {IEEE},
    url = {http://arxiv.org/abs/1501.07304 http://ieeexplore.ieee.org/document/7163086/},
    isbn = {978-1-4799-6026-2},
    doi = {10.1109/FG.2015.7163086},
    arxivId = {1501.07304}
}

@inproceedings{Ke2006,
    title = {{The Design of High-Level Features for Photo Quality Assessment}},
    year = {2006},
    booktitle = {2006 IEEE Computer Society Conference on Computer Vision and Pattern Recognition - Volume 1 (CVPR'06)},
    author = {{Yan Ke} and {Xiaoou Tang} and {Feng Jing}},
    number = {February 2015},
    pages = {419--426},
    volume = {1},
    publisher = {IEEE},
    url = {http://ieeexplore.ieee.org/document/1640788/},
    isbn = {0-7695-2597-0},
    doi = {10.1109/CVPR.2006.303},
    issn = {10636919}
}

@book{Mayssara2014,
    title = {{The Era of Interactive Media}},
    year = {2013},
    booktitle = {The Era of Interactive Media},
    author = {Jin, Jesse S. and Xu, Changsheng and Xu, Min},
    pages = {3--14},
    publisher = {Springer New York},
    url = {https://link.springer.com/content/pdf/10.1007%2F978-1-4614-3501-3.pdf http://link.springer.com/10.1007/978-1-4614-3501-3_1 http://link.springer.com/10.1007/978-1-4614-3501-3},
    address = {New York, NY},
    isbn = {978-1-4614-3500-6},
    doi = {10.1007/978-1-4614-3501-3}
}

@article{Wu2010,
    title = {{The good, the bad, and the ugly: Predicting aesthetic image labels}},
    year = {2010},
    journal = {Proceedings - International Conference on Pattern Recognition},
    author = {Wu, Yaowen and Bauckhage, Christian and Thurau, Christian},
    pages = {1586--1589},
    publisher = {IEEE},
    isbn = {9780769541099},
    doi = {10.1109/ICPR.2010.392},
    issn = {10514651}
}

@article{Wolpert1996,
    title = {{The Lack of a Priori Distinctions between Learning Algorithms}},
    year = {1996},
    journal = {Neural Computation},
    author = {Wolpert, David H},
    number = {7},
    pages = {1341--1390},
    volume = {8},
    doi = {10.1162/neco.1996.8.7.1341},
    issn = {08997667}
}

@article{Hein1990,
    title = {{The Role of Feminist Aesthetics in Feminist Theory}},
    year = {1990},
    journal = {The Journal of Aesthetics and Art Criticism},
    author = {Hein, Hilde},
    number = {4},
    pages = {281},
    volume = {48},
    url = {https://www.jstor.org/stable/10.2307/431566?origin=crossref},
    doi = {10.2307/431566},
    issn = {00218529}
}

@article{Lehman2020,
    title = {{The surprising creativity of digital evolution: A collection of anecdotes from the evolutionary computation and artificial life research communities}},
    year = {2020},
    journal = {Artificial Life},
    author = {Lehman, Joel and Clune, Jeff and Misevic, Dusan},
    number = {2},
    pages = {274--306},
    volume = {26},
    doi = {10.1162/artl{\_}a{\_}00319},
    issn = {15309185},
    pmid = {32271631},
    arxivId = {1803.03453},
    keywords = {Creativity, Digital evolution, Evolutionary computation, Experimental evolution, Genetic algorithms, Surprise}
}

@book{Shieber,
    title = {{The Turing Test}},
    author = {Shieber, Stuart},
    isbn = {0262692937}
}

@book{Hobbs1990,
    title = {{The Visual Experience}},
    year = {1995},
    author = {Hobbs, Jack A and Salome, Richard A},
    publisher = {Davis Publications},
    address = {Massachusetts},
    isbn = {871922916}
}

@article{Yuan2021,
    title = {{Tokens-to-Token ViT: Training Vision Transformers from Scratch on ImageNet}},
    year = {2021},
    author = {Yuan, Li and Chen, Yunpeng and Wang, Tao and Yu, Weihao and Shi, Yujun and Jiang, Zihang and Tay, Francis EH and Feng, Jiashi and Yan, Shuicheng},
    url = {http://arxiv.org/abs/2101.11986},
    arxivId = {2101.11986}
}

@article{Hayes2015,
    title = {{Towards an Aesthetics of Touch}},
    year = {2015},
    author = {Hayes, Lauren and Rajko, Jessica},
    volume = {8},
    url = {https://dl.acm.org/doi/10.1145/3077981.3078028},
    isbn = {9781450352093},
    keywords = {ASU, Arizona State University, Herberger Institute for design and the arts, asu art museum, dance, data archives, eileen standley, institute for the humanities research, jacque wernimont, jessica rajko, mainstage, paul v. galvin playhouse, performance, tempe, vibrant lives}
}

@inproceedings{Rattenbury2007,
    title = {{Towards automatic extraction of event and place semantics from flickr tags}},
    year = {2007},
    booktitle = {Proceedings of the 30th annual international ACM SIGIR conference on Research and development in information retrieval - SIGIR '07},
    author = {Rattenbury, Tye and Good, Nathaniel and Naaman, Mor},
    pages = {103},
    publisher = {ACM Press},
    url = {http://portal.acm.org/citation.cfm?doid=1277741.1277762},
    address = {New York, New York, USA},
    isbn = {9781595935977},
    doi = {10.1145/1277741.1277762},
    keywords = {and tags may naturally, event identification, evolve to, flexibility and variation, place iden-, reflect emergent properties of, tag semantics, tagging systems, the data, tification, word semantics}
}

@article{Touvron2020a,
    title = {{Training data-efficient image transformers {\&} distillation through attention}},
    year = {2020},
    author = {Touvron, Hugo and Cord, Matthieu and Douze, Matthijs and Massa, Francisco and Sablayrolles, Alexandre and J{\'{e}}gou, Hervé},
    month = {12},
    pages = {1--22},
    url = {http://arxiv.org/abs/2012.12877},
    arxivId = {2012.12877}
}

@article{El-Nouby2021,
    title = {{Training Vision Transformers for Image Retrieval}},
    year = {2021},
    author = {El-Nouby, Alaaeldin and Neverova, Natalia and Laptev, Ivan and J{\'{e}}gou, Hervé},
    month = {2},
    url = {http://arxiv.org/abs/2102.05644},
    arxivId = {2102.05644}
}

@article{Han2021,
    title = {{Transformer in Transformer}},
    year = {2021},
    author = {Han, Kai and Xiao, An and Wu, Enhua and Guo, Jianyuan and Xu, Chunjing and Wang, Yunhe},
    number = {NeurIPS},
    month = {2},
    pages = {1--14},
    url = {http://arxiv.org/abs/2103.00112},
    arxivId = {2103.00112}
}

@article{Chefer2020,
    title = {{Transformer Interpretability Beyond Attention Visualization}},
    year = {2020},
    author = {Chefer, Hila and Gur, Shir and Wolf, Lior},
    pages = {782--791},
    url = {http://arxiv.org/abs/2012.09838},
    doi = {10.1109/cvpr46437.2021.00084},
    arxivId = {2012.09838}
}

@article{Khan2021,
    title = {{Transformers in Vision: A Survey}},
    year = {2021},
    author = {Khan, Salman and Naseer, Muzammal and Hayat, Munawar and Zamir, Syed Waqas and Khan, Fahad Shahbaz and Shah, Mubarak},
    month = {1},
    pages = {1--28},
    url = {http://arxiv.org/abs/2101.01169},
    arxivId = {2101.01169}
}

@inproceedings{Wolf2020a,
    title = {{Transformers: State-of-the-Art Natural Language Processing}},
    year = {2020},
    author = {Wolf, Thomas and Debut, Lysandre and Sanh, Victor and Chaumond, Julien and Delangue, Clement and Moi, Anthony and Cistac, Pierric and Rault, Tim and Louf, Remi and Funtowicz, Morgan and Davison, Joe and Shleifer, Sam and von Platen, Patrick and Ma, Clara and Jernite, Yacine and Plu, Julien and Xu, Canwen and Le Scao, Teven and Gugger, Sylvain and Drame, Mariama and Lhoest, Quentin and Rush, Alexander},
    month = {10},
    pages = {38--45},
    url = {http://arxiv.org/abs/1910.03771},
    doi = {10.18653/v1/2020.emnlp-demos.6},
    arxivId = {1910.03771}
}

@article{Greb2017,
    title = {{Trends in empirical aesthetics: A review of the Journal Empirical Studies of the Arts from 1983 to 2014}},
    year = {2017},
    journal = {Empirical Studies of the Arts},
    author = {Greb, Fabian and Elvers, Paul and Fischinger, Timo},
    number = {1},
    pages = {3--26},
    volume = {35},
    doi = {10.1177/0276237415625258},
    issn = {15414493},
    keywords = {empirical aesthetics, empirical musicology, systematic review, trend analysis}
}

@article{Chu2021,
    title = {{Twins: Revisiting the Design of Spatial Attention in Vision Transformers}},
    year = {2021},
    author = {Chu, Xiangxiang and Tian, Zhi and Wang, Yuqing and Zhang, Bo and Ren, Haibing and Wei, Xiaolin and Xia, Huaxia and Shen, Chunhua},
    number = {NeurIPS},
    pages = {1--14},
    url = {http://arxiv.org/abs/2104.13840},
    arxivId = {2104.13840}
}

@inproceedings{Zhang2016b,
    title = {{Unconstrained Salient Object Detection via Proposal Subset Optimization}},
    year = {2016},
    booktitle = {2016 IEEE Conference on Computer Vision and Pattern Recognition (CVPR)},
    author = {Zhang, Jianming and Sclaroff, Stan and Lin, Zhe and Shen, Xiaohui and Price, Brian and Mech, Radomir},
    month = {6},
    pages = {5733--5742},
    volume = {2016-Decem},
    publisher = {IEEE},
    url = {http://ieeexplore.ieee.org/document/7780987/ https://ieeexplore.ieee.org/stamp/stamp.jsp?tp=&arnumber=7780987},
    isbn = {978-1-4673-8851-1},
    doi = {10.1109/CVPR.2016.618},
    issn = {10636919}
}

@article{Bhojanapalli2021,
    title = {{Understanding Robustness of Transformers for Image Classification}},
    year = {2021},
    author = {Bhojanapalli, Srinadh and Chakrabarti, Ayan and Glasner, Daniel and Li, Daliang and Unterthiner, Thomas and Veit, Andreas},
    url = {http://arxiv.org/abs/2103.14586},
    arxivId = {2103.14586}
}

@techreport{McCrary1992,
    title = {{Urban multicultural trauma patients.}},
    year = {1992},
    booktitle = {ASHA},
    author = {McCrary, M B},
    number = {4},
    month = {4},
    pages = {37--40},
    volume = {34},
    url = {http://citeseerx.ist.psu.edu/viewdoc/summary?doi=10.1.1.222.9220 http://www.ncbi.nlm.nih.gov/pubmed/1575800},
    doi = {10.1.1.222.9220}
}

@inproceedings{Jin2017,
    title = {{Using Deep Learning for Community Discovery in Social Networks}},
    year = {2017},
    booktitle = {2017 IEEE 29th International Conference on Tools with Artificial Intelligence (ICTAI)},
    author = {Jin, Di and Ge, Meng and Li, Zhixuan and Lu, Wenhuan and He, Dongxiao and Fogelman-Soulie, Francoise},
    month = {11},
    pages = {160--167},
    volume = {2017-Novem},
    publisher = {IEEE},
    url = {https://ieeexplore.ieee.org/document/8371938/},
    isbn = {978-1-5386-3876-7},
    doi = {10.1109/ICTAI.2017.00035},
    issn = {10823409},
    keywords = {Community detection, Deep learning, Social networks, Spectral clustering, Stacked auto encoder}
}

@article{Simonyan2015a,
    title = {{Very Deep Convolutional Networks for Large-Scale Image Recognition}},
    year = {2014},
    journal = {3rd International Conference on Learning Representations, ICLR 2015 - Conference Track Proceedings},
    author = {Simonyan, Karen and Zisserman, Andrew},
    month = {9},
    pages = {1--14},
    url = {http://arxiv.org/abs/1409.1556},
    arxivId = {1409.1556}
}

@inproceedings{Sun2019b,
    title = {{VideoBERT: A Joint Model for Video and Language Representation Learning}},
    year = {2019},
    booktitle = {2019 IEEE/CVF International Conference on Computer Vision (ICCV)},
    author = {Sun, Chen and Myers, Austin and Vondrick, Carl and Murphy, Kevin and Schmid, Cordelia},
    month = {10},
    pages = {7463--7472},
    volume = {2019-Octob},
    publisher = {IEEE},
    url = {http://arxiv.org/abs/1904.01766 https://ieeexplore.ieee.org/document/9009570/},
    isbn = {978-1-7281-4803-8},
    doi = {10.1109/ICCV.2019.00756},
    issn = {15505499},
    arxivId = {1904.01766}
}

@article{Cavanagh2011a,
    title = {{Visual cognition}},
    year = {2011},
    journal = {Vision Research},
    author = {Cavanagh, Patrick},
    number = {13},
    pages = {1538--1551},
    volume = {51},
    publisher = {Elsevier Ltd},
    url = {http://dx.doi.org/10.1016/j.visres.2011.01.015},
    doi = {10.1016/j.visres.2011.01.015},
    issn = {00426989},
    pmid = {21329719},
    keywords = {Attention, Cognition, Motion, Object recognition, Vision}
}

@article{Cavanagh2011,
    title = {{Visual cognition}},
    year = {2011},
    journal = {Vision Research},
    author = {Cavanagh, Patrick},
    number = {13},
    pages = {1538--1551},
    volume = {51},
    publisher = {Elsevier Ltd},
    url = {http://dx.doi.org/10.1016/j.visres.2011.01.015},
    doi = {10.1016/j.visres.2011.01.015},
    issn = {00426989},
    pmid = {21329719},
    keywords = {Attention, Cognition, Motion, Object recognition, Vision}
}

@article{Wu2020,
    title = {{Visual Transformers: Token-based Image Representation and Processing for Computer Vision}},
    year = {2020},
    author = {Wu, Bichen and Xu, Chenfeng and Dai, Xiaoliang and Wan, Alvin and Zhang, Peizhao and Yan, Zhicheng and Tomizuka, Masayoshi and Gonzalez, Joseph and Keutzer, Kurt and Vajda, Peter},
    month = {6},
    url = {http://arxiv.org/abs/2006.03677 https://arxiv.org/pdf/2006.03677.pdf},
    arxivId = {2006.03677}
}

@article{Xu2021,
    title = {{ViTAE: Vision Transformer Advanced by Exploring Intrinsic Inductive Bias}},
    year = {2021},
    journal = {pre-print},
    author = {Xu, Yufei and Zhang, Qiming and Zhang, Jing and Tao, Dacheng},
    month = {6},
    pages = {1--23},
    publisher = {pre print},
    url = {http://arxiv.org/abs/2106.03348},
    arxivId = {2106.03348}
}

@article{Galton1907,
    title = {{Vox Populi}},
    year = {1907},
    journal = {Nature},
    author = {GALTON, FRANCIS},
    number = {1949},
    month = {3},
    pages = {450--451},
    volume = {75},
    url = {http://www.nature.com/articles/075450a0},
    doi = {10.1038/075450a0},
    issn = {0028-0836}
}

@article{Chubarau2021,
    title = {{VTAMIQ: Transformers for Attention Modulated Image Quality Assessment}},
    year = {2021},
    author = {Chubarau, Andrei and Clark, James},
    url = {http://arxiv.org/abs/2110.01655},
    arxivId = {2110.01655}
}

@inproceedings{Elawady2017,
    title = {{Wavelet-Based Reflection Symmetry Detection via Textural and Color Histograms}},
    year = {2017},
    booktitle = {2017 IEEE International Conference on Computer Vision Workshops (ICCVW)},
    author = {Elawady, Mohamed and Ducottet, Christophe and Alata, Olivier and Barat, Cecile and Colantoni, Philippe},
    month = {10},
    pages = {1725--1733},
    volume = {2018-Janua},
    publisher = {IEEE},
    url = {http://ieeexplore.ieee.org/document/8265412/},
    isbn = {978-1-5386-1034-3},
    doi = {10.1109/ICCVW.2017.202},
    arxivId = {1707.02931}
}

@article{Lei2019,
    title = {{Weakly supervised learning of object-part attention model for fine-grained image classification}},
    year = {2019},
    journal = {International Conference on Communication Technology Proceedings, ICCT},
    author = {Lei, Chenxi and Jiang, Linfeng and Ji, Jingshen and Zhong, Weilin and Xiong, Huilin},
    pages = {1222--1226},
    volume = {2019-Octob},
    publisher = {IEEE},
    isbn = {9781538676349},
    doi = {10.1109/ICCT.2018.8600125},
    keywords = {Fine-grained classification, Visual attention, Weakly supervised}
}

@article{Niu2012,
    title = {{What Makes a Professional Video? A Computational Aesthetics Approach}},
    year = {2012},
    journal = {IEEE Transactions on Circuits and Systems for Video Technology},
    author = {Niu, Yuzhen and Liu, Feng},
    number = {7},
    month = {7},
    pages = {1037--1049},
    volume = {22},
    publisher = {IEEE},
    url = {http://ieeexplore.ieee.org/document/6162974/},
    doi = {10.1109/TCSVT.2012.2189689},
    issn = {1051-8215},
    keywords = {Aesthetics, cinematography, video classification, video quality measurement}
}

@article{Chen2021,
    title = {{When Vision Transformers Outperform ResNets without Pretraining or Strong Data Augmentations}},
    year = {2021},
    author = {Chen, Xiangning and Hsieh, Cho-Jui and Gong, Boqing},
    month = {6},
    pages = {1--18},
    url = {http://arxiv.org/abs/2106.01548 https://arxiv.org/pdf/2106.01548.pdf},
    arxivId = {2106.01548}
}

@article{Wang2002,
    title = {{Why is image quality assessment so difficult?}},
    year = {2002},
    journal = {ICASSP, IEEE International Conference on Acoustics, Speech and Signal Processing - Proceedings},
    author = {Wang, Zhou and Bovik, Alan C and Lu, Ligang},
    month = {5},
    pages = {3313--3316},
    volume = {4},
    publisher = {IEEE},
    url = {http://ieeexplore.ieee.org/document/5745362/},
    isbn = {0-7803-7402-9},
    doi = {10.1109/ICASSP.2002.5745362},
    issn = {15206149}
}

@article{Schwarz2018a,
    title = {{Will People Like Your Image? Learning the Aesthetic Space}},
    year = {2016},
    journal = {2018 IEEE Winter Conference on Applications of Computer Vision (WACV)},
    author = {Schwarz, Katharina and Wieschollek, Patrick and Lensch, Hendrik P. A.},
    month = {11},
    pages = {2048--2057},
    volume = {2018-Janua},
    publisher = {IEEE},
    url = {https://ieeexplore.ieee.org/document/835433 http://arxiv.org/abs/1611.05203},
    isbn = {978-1-5386-4886-5},
    doi = {10.1109/WACV.2018.00226},
    arxivId = {1611.05203}
}

@book{Wittgenstien1967,
    title = {{WITTGENSTEIN'S LECTURES ON Aesthetics and Religious Beleif}},
    year = {1967},
    author = {Wittgenstein, Ludwig},
    month = {7},
    publisher = {University of California Press},
    url = {https://onlinelibrary.wiley.com/doi/abs/10.1111/j.1468-2265.1991.tb01142.x https://onlinelibrary.wiley.com/doi/10.1111/j.1468-2265.1991.tb01142.x},
    address = {California},
    doi = {10.1111/j.1468-2265.1991.tb01142.x},
    issn = {0018-1196}
}

@article{https://doi.org/10.1111/j.1468-2265.1991.tb01142.x,
    title = {{WITTGENSTEIN'S LECTURES ON RELIGIOUS BELIEF}},
    year = {1991},
    journal = {The Heythrop Journal},
    author = {MARTIN, MICHAEL},
    number = {3},
    month = {7},
    pages = {369--382},
    volume = {32},
    url = {https://onlinelibrary.wiley.com/doi/abs/10.1111/j.1468-2265.1991.tb01142.x https://onlinelibrary.wiley.com/doi/10.1111/j.1468-2265.1991.tb01142.x},
    doi = {10.1111/j.1468-2265.1991.tb01142.x},
    issn = {0018-1196}
}

@article{Belief,
    title = {{Wittgenstein, Ludwig - Lectures and Conversations (California, 1967)}},
    author = {Wittgenstein, Ludwig},
    url = {https://onlinelibrary.wiley.com/doi/10.1111/j.1468-2265.1991.tb01142.x}
}

@inproceedings{Cho2020,
    title = {{X-LXMERT: Paint, Caption and Answer Questions with Multi-Modal Transformers}},
    year = {2020},
    booktitle = {Proceedings of the 2020 Conference on Empirical Methods in Natural Language Processing (EMNLP)},
    author = {Cho, Jaemin and Lu, Jiasen and Schwenk, Dustin and Hajishirzi, Hannaneh and Kembhavi, Aniruddha},
    pages = {8785--8805},
    publisher = {Association for Computational Linguistics},
    url = {https://www.aclweb.org/anthology/2020.emnlp-main.707},
    address = {Stroudsburg, PA, USA},
    doi = {10.18653/v1/2020.emnlp-main.707},
    arxivId = {2009.11278}
}

@article{El-Nouby2021a,
    title = {{XCiT: Cross-Covariance Image Transformers}},
    year = {2021},
    author = {El-Nouby, Alaaeldin and Touvron, Hugo and Caron, Mathilde and Bojanowski, Piotr and Douze, Matthijs and Joulin, Armand and Laptev, Ivan and Neverova, Natalia and Synnaeve, Gabriel and Verbeek, Jakob and Jegou, Hervé},
    month = {6},
    url = {http://arxiv.org/abs/2106.09681},
    arxivId = {2106.09681}
}

@article{Kimball2016,
    title = {{済無No Title No Title No Title}},
    year = {2016},
    author = {Kimball, George},
    number = {2},
    pages = {1--23},
    volume = {35},
    isbn = {2013206534}
}

@misc{3077981Dx.doi.org,
    title = {{3077981 @ dx.doi.org}},
    url = {http://dx.doi.org/10.1145/3077981.3078028}
}

@article{Bao2021BEiT:Transformers,
    title = {{BEiT: BERT Pre-Training of Image Transformers}},
    year = {2021},
    author = {Bao, Hangbo and Dong, Li and Wei, Furu},
    month = {6},
    url = {http://arxiv.org/abs/2106.08254},
    arxivId = {2106.08254}
}

@article{Touvron2020TrainingAttention,
    title = {{Training data-efficient image transformers {\&} distillation through attention}},
    year = {2020},
    author = {Touvron, Hugo and Cord, Matthieu and Douze, Matthijs and Massa, Francisco and Sablayrolles, Alexandre and J{\'{e}}gou, Hervé},
    month = {12},
    url = {http://arxiv.org/abs/2012.12877},
    arxivId = {2012.12877}
}